2527 3202
214 273 286 313 des
314 285 410 314 suas
436 276 654 323 mutarent,
680 286 731 315 ea
756 277 960 314 structura
986 271 1239 325 efficeretur,
1264 291 1384 329 quam
1410 275 1700 328 appositionem
1726 281 1885 314 vocant.
1937 275 2115 315 Pessimi
2140 276 2320 327 proximo

213 338 317 378 bello
343 337 528 395 exempli
552 339 609 379 Π.
636 339 699 379 45.
750 338 837 380 Pro
864 337 1025 380 eximia
1054 353 1103 382 eo
1130 339 1238 383 bello
1263 355 1396 397 opera
1422 341 1477 384 ΙΙ.
1503 339 1566 382 47.
1618 338 1837 395 Egregius
1866 342 2009 397 quibus
2039 342 2137 383 libet
2168 348 2320 394 tempo-

212 407 323 446 ribus
348 413 525 446 senatus
551 408 605 446 11.
632 407 695 445 49.
725 407 823 446 Non
845 407 912 445 sui
938 408 1069 459 magis
1097 407 1245 448 fiducia
1265 407 1476 463 praesidii
1500 419 1629 463 quam
1653 405 1875 448 voluntate
1895 408 2133 465 principum
2158 407 2320 449 XXIII.

216 472 276 513 15.
310 470 369 513 Ut
395 471 620 528 quisquam
647 489 699 515 ex
724 474 926 514 Cannensi
952 475 1042 514 acie
1068 474 1185 514 miles
1210 475 1430 516 Romanus
1455 480 1691 529 superesset
1716 473 1854 514 XXV.
1880 475 1917 515 6.
1970 475 2103 516 Huius
2128 475 2321 515 atrocitas

209 552 376 595 poenae
410 539 587 580 duarum
618 539 971 582 nobilissimarum
1005 539 1050 580 in
1082 539 1220 582 Italia
1255 541 1518 584 Graecarum
1548 539 1781 582 civitatium
1807 541 1945 584 XXV.
1971 543 2032 594 8.,
2072 558 2173 598 quae
2198 544 2322 583 verba

213 608 294 648 noli
321 621 556 662 comparare
580 622 673 649 cum
699 608 965 650 Ciceroniano
992 608 1062 662 illo
1088 607 1206 648 huius
1233 609 1533 649 auctoritatem
1564 608 1666 657 loci,
1706 622 1797 648 nam
1833 611 1967 650 omnia
1997 612 2062 650 hic
2094 611 2266 663 pendent
2298 624 2321 649 e

214 675 506 728 significatione
529 676 777 728 pronominis
803 674 939 722 huius,
967 688 1072 730 quae
1097 676 1203 729 apud
1230 674 1464 720 Ciceronem
1492 675 1573 716 alia
1599 678 1673 716 est.
1699 698 1752 706 —
1804 674 1937 731 Saepe
1963 678 2084 718 etiam
2110 677 2321 725 adverbiis,
2364 667 2371 670 ’

214 744 428 796 praecipue
467 743 682 795 temporis,
721 744 968 796 interpositis
994 742 1110 781 talia:
1150 741 1274 782 Haec
1299 748 1384 783 tum
1411 756 1531 783 sacra
1556 743 1588 782 Ι.
1616 742 1653 781 7.
1684 741 1729 781 in
1760 742 1920 784 duobus
1952 749 2036 785 tum
2070 743 2320 785 exercitibus

214 809 277 849 24.
303 809 426 849 latae
453 810 599 851 deinde
629 809 743 864 leges
770 810 825 850 ΙΙ.
852 809 890 850 8.
922 811 1215 865 quadraginta
1244 811 1390 850 deinde
1420 823 1555 849 annos
1582 809 1614 848 1.
1645 809 1705 848 15.
1731 803 1894 864 insigne
1926 812 2005 851 iam
2036 811 2318 852 documentum

215 877 246 917 1.
273 876 337 916 28.
373 875 513 931 plenis
538 881 705 930 repente
724 876 865 932 portis
900 877 933 917 1.
963 877 1022 917 14.
1050 878 1274 918 multarum
1308 878 1417 918 circa
1449 876 1670 918 civitatum
1703 876 1735 916 1.
1773 877 1832 915 17.
1859 878 2169 932 exprobrantes
2202 891 2321 919 suam

215 945 394 1000 quisque
421 943 530 984 alius
556 944 651 985 alibi
677 943 871 984 militiam
896 944 950 984 Π.
978 944 1043 985 23.

372 1010 558 1051 Alterum
584 1025 713 1064 genus
739 1016 803 1052 est
828 1025 967 1052 eorum
993 1012 1223 1063 verborum,
1240 1025 1344 1066 quae
1368 1024 1499 1065 neque
1526 1011 1579 1051 ad
1605 1010 1900 1052 substantivum
1926 1025 2056 1065 neque
2082 1014 2134 1052 ad
2161 1013 2323 1052 adiecti-

216 1094 309 1119 vum
336 1079 478 1118 referri
503 1083 688 1132 possunt,
713 1079 818 1119 inter
843 1093 948 1133 quae
974 1079 1174 1119 collocata
1200 1084 1312 1129 sunt,
1338 1092 1418 1135 quo
1445 1081 1555 1118 more
1572 1077 1714 1118 Cicero
1740 1078 1901 1119 videtur
1925 1078 2046 1133 plane
2070 1079 2323 1120 abstinuisse.

215 1147 310 1188 Huc
336 1146 470 1186 refero
496 1146 600 1186 haec
625 1145 770 1199 hisque
795 1146 961 1186 similia:
1006 1152 1335 1201 persecutusque
1347 1145 1480 1199 susos
1507 1147 1559 1202 ad
1585 1146 1745 1185 moenia
1778 1145 1921 1184 hostes
1946 1144 2046 1184 urbe
2070 1145 2219 1198 valida
2247 1159 2325 1184 mu·

217 1213 278 1254 ris
305 1226 360 1253 ac
387 1211 472 1252 situ
495 1211 590 1268 ipso
616 1211 782 1253 munita
808 1211 1016 1254 abstinuit
1042 1213 1076 1255 I.
1105 1213 1164 1254 15.
1191 1213 1228 1254 h.
1257 1227 1291 1254 e.
1324 1212 1439 1254 fusos
1472 1213 1611 1254 hostes
1642 1227 1772 1266 usque
1802 1214 1854 1253 ad
1888 1213 2046 1252 moenia
2076 1219 2322 1265 persecutus.

221 1281 366 1321 Omnis
392 1286 434 1319 te
460 1280 645 1333 exempli
672 1279 926 1319 documenta
951 1280 994 1319 in
1020 1279 1173 1320 illustri
1197 1280 1330 1333 posita
1356 1285 1618 1320 monumento
1643 1278 1807 1319 intueri.
1848 1278 1984 1320 Praef.
2012 1293 2135 1334 quum
2145 1278 2324 1335 fluitan-

218 1356 300 1388 tem
338 1346 505 1387 alveum
531 1376 541 1385 .
571 1371 584 1382 ·
609 1373 620 1383 .
657 1346 793 1386 tenuis
827 1348 867 1386 in
903 1347 1014 1387 sicco
1048 1361 1165 1401 aqua
1199 1346 1458 1385 destituisset
1495 1347 1527 1385 Ι.
1555 1346 1592 1385 4.
1646 1345 1914 1400 Manifestae
1953 1360 2065 1386 reum
2108 1345 2254 1386 caedis
2290 1347 2323 1385 7.

217 1412 366 1455 Divina·
393 1417 535 1454 auctor
559 1411 663 1453 iuris
690 1412 752 1453 42.
794 1411 870 1454 ·Ab
891 1412 1147 1454 Albanorum
1174 1414 1300 1466 stirpe
1326 1427 1468 1465 regum
1494 1413 1557 1453 23.
1613 1412 1746 1465 Quum
1768 1413 2023 1465 grandinem
2047 1414 2156 1453 venti
2178 1413 2326 1466 glome-

217 1487 363 1520 ratam
388 1479 433 1519 in
460 1485 601 1519 terras
629 1485 773 1533 agunt.
801 1480 867 1519 31.
919 1478 968 1519 Si
992 1485 1069 1519 tua
1095 1494 1140 1521 re
1167 1481 1302 1521 subita
1327 1479 1505 1520 consilia
1539 1485 1720 1534 torpent.
1746 1480 1810 1519 41.
1850 1480 1890 1520 h.
1918 1495 1952 1521 e.
1989 1481 2025 1520 si
2057 1485 2130 1520 tua
2160 1479 2325 1521 consilia

217 1552 378 1602 torpent
402 1551 617 1600 propterea
643 1548 751 1601 quod
778 1560 846 1587 res
873 1547 1007 1587 subita
1033 1551 1107 1589 est.
1159 1546 1244 1588 Sub
1277 1546 1366 1587 eius
1400 1547 1563 1588 obtentu
1598 1546 1865 1602 cognominis.
1893 1547 1956 1588 56.
2012 1546 2212 1589 Concitat
2237 1545 2324 1586 cal-

218 1614 387 1657 caribus
413 1629 564 1670 equum
590 1621 723 1669 atque
748 1613 794 1654 in
819 1614 956 1669 ipsum
982 1616 1153 1656 infestus
1181 1615 1390 1655 consulem
1417 1615 1573 1670 dirigit.
1599 1615 1655 1655 Π.
1682 1615 1718 1654 6.
1775 1614 2084 1671 Circumferens
2114 1614 2213 1654 inde
2246 1621 2327 1652 tru.

219 1696 289 1724 ces
317 1682 528 1723 minaciter
552 1680 704 1722 oculos.
734 1682 793 1723 10.
844 1681 1118 1738 Insignisque
1143 1682 1255 1724 inter
1280 1688 1511 1737 conspecta
1538 1681 1771 1722 cedentium
1793 1696 1968 1737 pugnae
1994 1689 2117 1735 terga
2143 1680 2326 1721 obversis

221 1750 408 1790 cominus
435 1748 500 1788 ad
521 1748 744 1789 ineundum
764 1745 969 1803 proelium
997 1749 1141 1790 armis.
1175 1750 1269 1790 ibid.
1324 1749 1445 1802 Quae
1479 1763 1604 1804 quum
1636 1748 1681 1788 in
1712 1747 1873 1789 obiecto
1906 1754 2053 1790 cuncta
2082 1754 2201 1788 scuto
2232 1747 2326 1786 hae-

221 1817 386 1858 sissent.
415 1816 508 1856 ibid.
562 1815 750 1869 Magnus
776 1817 933 1870 plebem
962 1821 1095 1856 metus
1120 1815 1303 1857 incessit.
1333 1817 1392 1857 18.
1446 1815 1503 1856 In
1527 1815 1614 1856 hac
1638 1820 1840 1857 tantarum
1867 1816 2170 1870 exspectatione
2194 1828 2325 1854 rerum

221 1883 403 1924 sollicita
429 1882 620 1929 civitate,
647 1884 756 1933 ibid„
769 1898 848 1938 quo
875 1884 965 1923 loco
992 1884 1070 1923 hac
1094 1882 1382 1925 vocabulorum'
1408 1884 1710 1938 interpositione
1736 1884 1898 1925 dubium
1925 1883 1994 1934 fit,
2019 1896 2098 1937 quo
2124 1883 2326 1936 praeposi-

221 1953 276 1992 tio
302 1951 346 1990 in
374 1951 427 1990 sit
452 1951 648 1991 ducenda.
705 1950 816 1990 Ludi
827 1949 956 2005 sorte
982 1965 1033 1991 ex
1060 1952 1349 1991 instauratione
1374 1951 1520 2006 magni
1540 1950 1827 2006 parabantur.
1854 1953 1918 1992 36.
1975 1950 2100 1996 Cuius
2134 1951 2326 2002 originem

222 2017 359 2060 moris.
390 2017 451 2059 14.
505 2016 645 2072 Pr0pe
671 2016 949 2073 quotidianas
975 2018 1016 2058 in
1042 2019 1141 2059 urbe
1167 2009 1357 2072 agrisque
1383 2019 1629 2075 ostentantia
1654 2018 1802 2057 minas.
1831 2018 1895 2057 42.
1951 2018 2074 2058 Cuius
2106 2018 2217 2055 initio
2253 2031 2327 2054 an·

222 2087 266 2125 ni
290 2098 415 2141 quum
428 2083 550 2139 soris
577 2084 705 2125 otium
730 2091 854 2126 esset.
881 2084 960 2126 ΠΙ.
985 2084 1050 2126 30.
1105 2083 1239 2139 Quum
1272 2083 1429 2127 clartsis
1464 2084 1783 2127 Andranodorus
1816 2085 1980 2126 insulae
2005 2082 2143 2138 portis
2175 2082 2328 2123 heredi-

223 2160 355 2192 tatem
383 2152 501 2206 regni
527 2152 717 2192 creverit.
744 2152 901 2194 XXIV.
931 2152 994 2192 25.
1050 2154 1155 2194 Cum
1180 2153 1338 2193 duobus
1365 2151 1540 2193 millibus
1568 2151 1780 2193 Gallorum
1806 2153 1967 2194 Poenus
2001 2152 2045 2191 in
2070 2157 2157 2202 tres
2183 2149 2326 2189 divisis

218 2226 375 2276 partes
411 2232 490 2273 per
522 2217 666 2259 urbem
692 2219 869 2259 dimittit
904 2219 1168 2261 Tarentinos.
1195 2220 1331 2263 XXV.
1358 2219 1394 2260 9.
1448 2218 1582 2260 Huius
1608 2220 1687 2260 loci
1714 2221 1835 2261 etiam
1861 2221 1939 2262 hoc
1966 2233 2058 2261 esse
2083 2223 2198 2272 puto:
2223 2217 2329 2267 ‚Per

224 2288 400 2329 aliorum
426 2287 600 2339 quietem
627 2286 844 2326 malorum.
871 2287 947 2326 III.
978 2287 1173 2338 16.,'nam
1200 2289 1236 2327 si
1261 2289 1367 2328 forte
1394 2288 1483 2342 quis
1509 2288 1717 2341 ingratum.
1736 2289 1947 2329 verborum
1975 2286 2160 2327 similium
2187 2299 2327 2325 sonum

224 2356 274 2396 ab
301 2355 420 2396 Livio
448 2353 615 2395 vitatum
644 2364 739 2396 esse
765 2355 895 2405 dicat,
932 2356 1115 2409 equidem
1142 2356 1221 2396 hoc
1247 2356 1297 2396 de
1324 2355 1520 2409 Cicerone
1545 2356 1682 2396 valere
1706 2358 1946 2406 concedam,
1983 2354 2163 2409 quamvis
2190 2367 2241 2392 ne
2266 2354 2330 2391 hic

225 2424 384 2477 quidem
411 2434 573 2475 semper
596 2422 694 2462 talia
720 2423 838 2472 vitet3
866 2423 939 2463 sed
964 2422 1084 2463 Livio
1111 2424 1251 2464 eadem
1278 2436 1378 2464 cura
1404 2422 1532 2463 fuisse
1558 2436 1636 2472 non
1662 2424 1840 2472 videtur,
1867 2425 1934 2477 qui
1960 2421 2080 2476 paulo
2107 2424 2202 2459 ante
2226 2420 2329 2458 bunc

225 2492 356 2530 locum
383 2489 567 2542 scripsit:
592 2487 974 2543 interficiendorum
1000 2488 1264 2529 tribunorum.

384 2555 428 2595 Si
454 2555 655 2608 genitivus
695 2557 864 2597 alicuius
904 2557 1147 2597 substantivi
1180 2558 1266 2597 sive
1301 2558 1546 2610 pronominis
1572 2557 1662 2597 loco
1703 2557 1889 2596 adiectivi
1924 2560 2026 2603 est‚.
2046 2554 2185 2592 eodem
2213 2555 2330 2593 modo

226 2625 350 2666 verba
383 2623 706 2676 interponuntur:
748 2622 873 2665 Cuius
900 2623 1091 2665 civitatis
1118 2637 1206 2674 eam
1238 2624 1343 2666 civis
1369 2622 1545 2665 Dianae
1576 2622 1846 2665 immolasset.
1874 2623 1906 2663 Ι.
1934 2622 1997 2662 45.
2051 2620 2106 2661 Se
2133 2619 2330 2660 utilitatis

227 2695 266 2733 id
295 2692 425 2744 magis
455 2689 635 2746 omnium
674 2694 812 2730 causa
845 2705 1025 2733 censere.
1052 2691 1085 2731 Ι.
1113 2691 1177 2731 52.
1238 2691 1419 2745 Quorum
1455 2696 1657 2732 vetustate
1697 2690 1898 2731 memoria
1931 2688 2050 2730 abiit.
2083 2687 2137 2727 ll.
2168 2685 2202 2727 4.
2231 2689 2267 2728 h.
2297 2704 2331 2729 e.

227 2773 397 2814 quorum
422 2758 616 2798 memoria
640 2762 845 2798 vetustate
870 2759 977 2798 abiit.
1024 2758 1206 2811 Quorum
1232 2761 1270 2799 in
1297 2773 1423 2812 regno
1448 2758 1574 2798 libido
1601 2758 1774 2798 solutior
1799 2755 1945 2799 fuerat.
1971 2757 2008 2796 3.
2038 2757 2074 2794 h.
2102 2768 2137 2794 e.
2165 2769 2330 2808 quorum

227 2827 348 2875 libido
376 2826 400 2865 i.
427 2839 459 2865 r.
487 2839 520 2864 s.
547 2824 577 2865 f.
631 2823 757 2879 Spem
789 2826 829 2866 in
855 2831 1092 2879 perpetuum
1128 2841 1219 2868 cum
1246 2828 1294 2867 iis
1331 2825 1459 2879 pacis
1493 2826 1719 2867 amitteret.
1752 2825 1788 2865 5.
1811 2826 1861 2866 h.
1890 2840 1924 2866 e.
1951 2836 2062 2877 spem
2096 2823 2207 2875 pacis
2240 2838 2329 2863 cum

228 2895 276 2934 iis
302 2892 548 2945 (faciendae)
579 2893 619 2932 in
646 2898 880 2946 perpetuum
907 2908 942 2933 a.
