2527 3202
1262 125 1311 179 4

231 266 300 308 ita
330 264 509 308 molesta
540 262 817 316 (dominatio)
843 268 889 302 ut
915 269 1061 305 tamen
1084 264 1176 306 sine
1197 265 1396 319 pernicie.
1422 268 1474 305 ad
1496 266 1584 306 Att.
1610 265 1664 306 11.
1692 263 1755 304 21.
1783 266 1906 320 Apud
1922 269 2080 309 Livium
2105 282 2199 308 rara
2223 269 2340 309 huius

233 334 395 389 generis
421 331 607 387 exempla
632 335 726 373 sunt
751 334 797 372 ut
828 330 856 370 l.
884 329 960 372 111.
989 329 1059 371 20:
1102 347 1197 373 nonf
1211 332 1275 373 ita
1303 332 1523 374 civitatem
1548 346 1725 386 aegram
1751 347 1867 382 esse,
1907 342 1952 375 ut
1980 335 2188 376 consuetis
2214 349 2339 375 reme-

234 400 316 447 diis
343 398 438 442 sisti
458 404 621 453 posset.
648 397 809 445 xxm.
836 397 876 439 3.
902 397 981 439 sed
1006 405 1110 441 ante
1135 399 1277 441 omnia
1303 399 1370 441 ita
1395 413 1470 440 vos
1495 398 1589 441 irae
1613 398 1831 454 indulgere
1855 409 2042 456 opor-tet,
2068 408 2112 443 ut
2134 401 2341 457 potiorem
2421 389 2428 396 ²

233 469 304 510 ira
329 466 513 511 salutem
539 473 668 522 atque
694 464 923 510 utilitatem
947 473 1138 510 vestr-am
1170 467 1377 509 habeatis.
1410 467 1568 511 XXIV.
1594 466 1655 508 29.
1691 467 1807 523 quod
1833 468 2250 526 Carthaginiensibus
2274 470 2339 510 ita

229 550 330 593 pax
355 533 510 592 negari
530 533 683 587 possit,
709 540 756 576 ut
781 546 867 576 nou
886 534 1038 591 *utique
1063 536 1107 577 in
1130 535 1381 590 praesentia
1407 534 1556 576 bellum
1589 550 1682 576 cum
1706 534 1760 576 iis
1783 543 1971 590 geratur.
2024 540 2174 580 contra
2198 539 2340 579 Livius

233 606 378 659 iisdem
404 603 613 658 particulis
639 603 717 642 hoc
743 604 863 643 modo
890 604 950 644 uti
977 605 1098 645 solet:
1125 604 1234 645 haec
1258 602 1401 642 omnia
1428 609 1474 642 ut
1499 602 1644 645 invitis
1668 602 1734 644 ita
1760 608 1858 644 non‘
1870 604 2194 647 adversantibus
2207 605 2341 659 patri-

234 671 311 715 ciis
339 676 570 712 transacta
596 670 672 712 111.
700 671 766 710 55.
795 676 910 719 extr„
936 673 1051 713 cuius
1078 673 1185 713 modi
1212 671 1397 723 exempla
1423 671 1463 710 in
1490 671 1695 711 Ciceronis
1727 671 1839 710 libris
1867 671 1974 712 baud
2000 674 2128 713 multa
2153 673 2339 713 invenies.

364 736 578 783 ‚Tertium
604 750 735 791 genus
764 742 828 780 est
852 738 1127 781 collocationis
1153 738 1378 780 verborum.
1418 737 1511 779 Hoc
1537 740 1681 788 solum,
1708 753 1830 791 quum
1856 740 2034 779 viderem
2061 741 2221 779 maioris
2248 754 2340 792 ope-

234 808 304 855 ris,
318 819 439 859 quam
464 809 512 844 ut
538 818 616 858 ego
642 810 852 858 praestare
878 819 1054 859 possem,
1068 819 1159 846 esse
1186 804 1319 845 omnia
1344 805 1570 858 complecti,
1595 805 1825 846 accuratius
1852 808 2106 847 tractandum
2132 807 2226 848 mihi
2251 821 2339 860 pro·

235 886 474 926 posueram3
501 873 575 913 sed
603 886 725 925 quum
750 873 930 926 corporis
958 873 1131 912 universi
1159 877 1243 911 tum
1270 873 1477 912 oculorum
1504 874 1544 912 in
1570 874 1708 925 primis
1734 872 1946 922 valetudo,
1973 887 2077 926 quae
2102 873 2340 914 lucubratio-

187 972 191 976 .
232 953 307 981 nes
333 939 641 996 molestissimas
668 940 821 989 reddit,
860 939 982 980 etiam
1013 937 1065 977 ab
1092 937 1169 977 boc
1200 939 1367 979 consilio
1398 939 1456 978 ita
1481 952 1546 978 me
1571 940 1800 988 revocavit,
1838 943 1885 978 ut
1909 945 2065 992 partem
2091 946 2244 980 tantum
2270 940 2341 979 ali-

233 1020 356 1062 quam
395 1007 671 1060 attingendam
703 1005 800 1045 mibi
832 1018 924 1046 esse
958 1009 1154 1058 putarem.
1208 1004 1434 1047 Verborum
1466 1006 1770 1047 collocationem
1802 1006 1843 1047 in
1876 1010 2146 1060 comparanda
2176 1010 2341 1048 duorum

233 1076 472 1127 scriptorum
499 1074 681 1113 oratione
706 1073 869 1113 maximi
903 1074 1093 1113 momenti
1125 1086 1218 1113 esse
1254 1087 1424 1127 eamque
1456 1087 1505 1112 eo
1532 1074 1662 1126 magis
1690 1075 1876 1127 dignam,
1912 1074 2027 1114 cuius
2053 1076 2247 1115 rationem
2272 1075 2341 1114 ha·

234 1143 415 1192 beamus,
442 1155 522 1196 quo
548 1141 679 1194 magis
706 1140 819 1181 color
844 1141 969 1182 totius
995 1140 1189 1181 orationis
1217 1155 1269 1181 ex
1294 1155 1345 1182 ea
1369 1141 1545 1194 pendere
1570 1140 1778 1190 videatur,
1818 1155 1898 1181 non
1926 1146 1990 1181 est
2015 1143 2122 1195 quod
2148 1154 2341 1181 moneam.

232 1209 411 1251 Primum
437 1209 561 1263 igitur
586 1208 762 1249 omnium
787 1208 948 1249 videtur
974 1209 1295 1249 constituendum
1323 1223 1429 1258 esse,
1455 1208 1522 1262 qui
1536 1207 1740 1249 Ciceronis
1766 1222 1866 1249 usus
1891 1209 2016 1250 fucrit
2039 1210 2080 1249 in
2104 1210 2237 1251 verbis
2262 1209 2343 1249 col-

233 1277 428 1319 locandis.
479 1275 530 1315 In
565 1290 648 1330 qua
678 1277 840 1330 quidem
870 1290 917 1316 re
948 1281 1250 1329 praeceptorem
1286 1276 1618 1329 praestantiorem
1651 1276 1829 1317 invenire
1867 1290 1947 1317 non
1984 1291 2197 1330 possumus
2225 1290 2341 1330 quam

234 1344 471 1385 Ciceronem
498 1343 645 1396 ipsum,
672 1344 741 1398 qui
767 1343 807 1383 in
832 1343 945 1383 libris
971 1344 1198 1393 rhetoricis,
1224 1344 1264 1383 in
1289 1344 1427 1397 primis
1452 1344 1493 1383 in
1518 1343 1629 1384 libris
1656 1345 1708 1384 de
1734 1342 1908 1384 Oratore
1935 1342 2135 1396 (111.43.)
2162 1348 2204 1383 et
2229 1344 2268 1383 in
2294 1357 2342 1383 eo

234 1412 304 1467 qui
329 1410 484 1452 orator
508 1410 738 1454 inscribitur
763 1411 814 1462 (c.
842 1409 922 1462 70.)
949 1411 1065 1464 plura
1100 1412 1151 1451 de
1183 1412 1325 1451 eadem
1358 1425 1403 1451 re
1437 1411 1584 1452 docuit.
1639 1410 1721 1451 Sed
1749 1411 1873 1461 haec,
1913 1411 2094 1465 quamvis
2120 1410 2240 1464 plane
2265 1424 2343 1451 non

235 1479 465 1533 spernenda
489 1478 590 1527 sint,
628 1479 758 1530 magis
790 1482 925 1519 tamen
957 1480 1010 1518 ad
1038 1483 1224 1518 ornatum
1251 1479 1470 1517 oratorium
1497 1479 1697 1530 pertinent
1724 1492 1844 1531 quam
1870 1481 1923 1518 ad
1950 1479 2079 1531 ipsum
2106 1490 2343 1525 sermonem,

239 1550 362 1601 atque
386 1545 478 1586 ideo
504 1545 558 1584 ad
583 1548 764 1585 nostram
790 1545 988 1587 rationem
1014 1546 1145 1587 minus
1173 1549 1272 1599 apta
1297 1549 1404 1585 sunt.
1455 1544 1589 1586 Nihilo
1622 1546 1754 1587 minus
1780 1560 1902 1600 quum
1928 1546 2029 1586 haec
2053 1559 2121 1585 res
2146 1545 2226 1584 iam
2251 1545 2343 1584 inde

237 1615 289 1655 ab
324 1614 489 1667 antiquo
528 1616 709 1666 tempore
745 1613 921 1653 omnium
953 1613 1062 1664 fere,
1101 1614 1170 1669 qui
1202 1614 1254 1654 de
1284 1613 1465 1654 oratione
1496 1612 1622 1653 latina
1655 1617 1970 1667 praeceperunt,
2015 1626 2140 1667 opera
2167 1625 2343 1664 curaque

235 1686 413 1724 tractata
437 1681 511 1728 sit,
544 1694 593 1719 eo
620 1680 751 1732 magis
777 1680 981 1721 breviores
1009 1695 1102 1722 esse
1127 1693 1366 1735 possumus,
1403 1693 1482 1733 quo
1508 1680 1637 1732 magis
1664 1680 1705 1721 in
1730 1680 1843 1721 libris
1869 1679 2162 1734 grammaticis,
2200 1678 2342 1733 quibus

235 1752 404 1789 utuntur
429 1747 616 1799 discipuli
642 1748 781 1796 nostri,
807 1762 860 1788 ex
887 1749 1069 1788 oratione
1095 1748 1359 1789 Ciceroniana
1384 1751 1601 1801 praecepta
1625 1752 1872 1801 repetuntur.
1925 1747 2163 1793 Hocunum
2190 1750 2342 1786 tantum

237 1804 461 1865 monemus,
475 1815 516 1854 id
543 1815 650 1869 quod
677 1829 703 1854 a
727 1815 863 1856 multis
890 1816 971 1855 iam
998 1820 1350 1857 commemoratum
1379 1819 1456 1864 est,
1470 1814 1704 1856 Ciceronem
1730 1816 1770 1855 in
1797 1816 1978 1856 omnibus
2005 1814 2117 1854 libris
2143 1814 2228 1853 suis
2254 1828 2342 1854 ora—

235 1884 335 1924 toris
362 1886 500 1936 partes
528 1882 677 1934 egisse,
695 1882 763 1935 qui
789 1882 829 1922 in
845 1883 980 1923 verbis
1007 1887 1049 1923 et
1075 1883 1308 1936 eloquendis
1336 1887 1377 1923 et
1403 1883 1691 1935 coniungendis
1717 1896 1801 1923 non
1823 1887 1906 1923 tam
1934 1895 2086 1931 eorum,
2101 1881 2167 1934 qui
2193 1881 2344 1934 scripta

236 1951 420 2004 legerent
446 1963 568 2005 quam
595 1962 748 1999 eorum,
773 1950 841 2003 qui
868 1950 977 1991 dieta
1003 1950 1188 1991 audirent
1213 1950 1408 1990 rationem
1435 1950 1595 2001 habuit,
1635 1964 1804 2005 eamque
1833 1950 2031 1991 rationem
2061 1949 2181 1990 etiam
2216 1950 2268 1989 ad
2295 1963 2344 1990 ea

239 2018 440 2061 scribendi
487 2031 640 2071 genera
692 2018 967 2067 nsuetudine,
1019 2032 1126 2072 quae
1165 2019 1216 2058 ab
1269 2024 1357 2058 arte
1409 2019 1587 2058 oratoria
1636 2018 1767 2071 magis
1819 2019 2005 2058 videntur
2043 2030 2136 2057 esse
2177 2021 2341 2056 remota.

238 2086 303 2128 lta
355 2085 509 2135 factunm
562 2089 669 2136 est,
700 2088 747 2126 ut
800 2089 841 2126 et
892 2100 1031 2127 omnes
1084 2085 1296 2127 verborum
1348 2086 1656 2139 <complexiones
1707 2087 1838 2138 magis
1896 2091 2102 2127 contortas
2159 2085 2344 2125 vitaverit

239 2159 291 2197 et,
332 2168 432 2193 sono
486 2153 640 2206 magis,
692 2153 761 2207 qui
813 2153 854 2194 in
906 2154 1206 2207 pronunciando
1260 2154 1424 2195 auribus
1477 2154 1716 2207 percipitur,
1768 2167 1889 2208 quam
1943 2152 2162 2195 artificiosa
2203 2151 2350 2192 verboae

238 2235 328 2262 rum
351 2221 640 2270 collocatione,
677 2235 783 2274 quae
806 2221 1023 2273 legentium
1050 2226 1122 2269 aut
1148 2221 1276 2263 oculis
1302 2222 1481 2261 cernitur
1505 2225 1577 2262 aut
1603 2221 1847 2273 cogitatione
1871 2219 2222 2267 animadvertitur,
2260 2220 2343 2258 ani-

241 2289 295 2329 mi
322 2301 488 2330 sensum
515 2288 760 2343 expresserit
784 2302 917 2343 neque
942 2303 1130 2342 unquam,
1141 2288 1218 2330 nisi
1245 2294 1357 2330 certa
1383 2290 1435 2330 de
1461 2303 1588 2329 causa
1612 2289 1805 2329 usitatum
1823 2290 2036 2330 verborum
2055 2288 2232 2326 ordinem
2259 2302 2344 2326 mn·

239 2358 396 2397 taverit.
452 2356 569 2400 Quae
592 2357 695 2397 ratio
723 2369 846 2411 quum
873 2362 1066 2410 pereunte
1091 2356 1267 2398 civitatis
1292 2356 1480 2397 libertate
1506 2355 1698 2410 paulatim
1724 2360 2008 2405 evanesceret,
2034 2367 2155 2408 quum
2181 2352 2265 2402 alii,
2277 2355 2344 2407 qui

240 2429 383 2476 postea
406 2425 616 2472 vixerunt,
647 2425 866 2477 scriptores
902 2429 986 2463 tum
1013 2424 1156 2465 Livius
1190 2428 1395 2464 structura
1419 2424 1631 2466 verborum
1658 2422 1935 2465 artificiosiore
1959 2424 2143 2470 utuntur,
2180 2419 2273 2461 dum
2305 2426 2346 2461 et

242 2506 306 2542 ea,
332 2506 437 2545 quae
464 2495 647 2532 oratores
673 2492 762 2545 ipso
787 2493 902 2533 vultu
929 2492 1092 2544 orisque
1117 2492 1254 2532 habitu
1283 2491 1525 2544 exprimunt,
1549 2492 1760 2531 verborum
1787 2491 1925 2531 ordine
1951 2488 2160 2529 declarare
2184 2489 2348 2528 student

242 2563 284 2601 et
320 2572 401 2599 non
436 2563 518 2599 tam
555 2558 596 2599 in
635 2557 893 2612 simplicitate
930 2558 1123 2599 orationis
1156 2573 1275 2613 quam
1310 2558 1351 2599 in
1377 2557 1574 2598 varietate
1606 2559 1913 2611 pulcritudinem
1939 2559 2202 2614 aucupantur.
2255 2555 2345 2601 Quo

241 2628 374 2668 studio
402 2640 523 2682 quum
550 2626 674 2667 etiam
698 2630 845 2681 poetae
869 2627 1073 2677 ferantur,
1098 2626 1334 2682 plerumque
1359 2626 1611 2679 grammatici
1642 2641 1777 2669 rerum
1803 2625 2061 2667 similitudine
2086 2623 2196 2663 ducti
2220 2627 2345 2677 poeti-

242 2709 332 2736 cam
364 2695 578 2735 verborum
613 2699 859 2735 structuram
883 2695 1002 2736 Livio
1035 2695 1297 2749 plurimisque
1322 2693 1585 2747 scriptoribus
1617 2698 1850 2747 argenteae,
1877 2707 1998 2749 quam
2025 2692 2175 2740 dieunt,
2199 2692 2344 2733 aetatis

242 2762 475 2804 attribuunt.
512 2761 622 2802 Huic
647 2763 807 2816 quidem
833 2762 893 2805 rei
918 2777 995 2815 ego
1021 2776 1101 2803 non
1127 2763 1335 2812 adversor,
1360 2763 1575 2806 dummodo
1601 2776 1653 2802 ne
1679 2762 1769 2815 quis
1794 2761 1885 2802 illos
1911 2761 2131 2813 scriptores
2156 2763 2228 2798 aut
2250 2773 2343 2812 poe-

242 2818 308 2871 tas
334 2830 511 2871 imitatos
538 2843 632 2870 esse
657 2834 729 2870 aut
753 2828 939 2871 consulto
965 2830 1166 2883 poeticum
1200 2829 1377 2871 colorem
1409 2828 1521 2869 libris
1553 2829 1640 2870 suis
1674 2830 1927 2883 adspersisse
1959 2825 2146 2868 affirmet.
2196 2825 2345 2872 Quaru-

243 2911 364 2951 quam
389 2898 493 2939 enim
505 2897 611 2939 Livii
635 2898 780 2947 oratio,
791 2898 1027 2950 praesertim
1053 2899 1094 2939 in
1118 2898 1246 2951 primo
1265 2897 1485 2938 Annalium
1511 2896 1629 2947 libro,
1639 2910 1935 2951 nonnumquam
1962 2907 2059 2935 vere
2085 2894 2242 2946 poetica
2267 2899 2344 2942 est,
