2527 3202
1233 146 1277 196 5

210 291 338 344 inagis
366 295 502 330 tamen
526 287 568 328 in
593 287 682 340 ipsa
707 299 752 325 re
778 286 854 325 boc
878 285 1052 339 positum
1080 297 1173 326 esse
1198 296 1384 325 censeam
1413 296 1533 338 quam
1563 283 1602 323 in
1628 284 1716 324 solo
1743 283 1954 324 verborum
1980 288 2137 324 ornatu.
2189 283 2308 334 Nam,

208 360 302 398 dum
329 361 400 397 aut
425 358 464 397 in
490 354 718 396 fabularum
744 345 995 407 antiquarum
1023 352 1287 405 explicatione
1312 365 1537 392 sermonem
1565 352 1770 406 antiquum
1786 351 2026 402 aemulatur,
2045 355 2118 392 aut
2143 351 2183 391 in
2197 364 2313 405 proe-

211 427 352 465 liorum
376 424 604 465 narratione
631 422 804 461 animum
830 414 1047 473 legentium
1074 420 1115 459 in
1141 421 1294 460 medias
1320 434 1387 459 res
1414 433 1440 459 a
1465 420 1564 460 viris
1590 420 1822 459 fortissimis
1849 423 1991 473 gestas
2023 425 2161 460 secum
2194 420 2313 472 rapit,

211 494 297 548 ipse
322 494 374 534 ad
401 490 599 546 poeticam
627 490 846 530 orationem
874 489 1054 539 ducitur,
1098 488 1139 528 id
1166 489 1271 543 quod
1304 488 1426 529 etiam
1456 487 1546 528 aliis
1580 487 1837 529 historiarum
1865 486 2125 542 scriptoribus
2150 487 2312 529 accidit.

211 561 293 601 Sed
320 562 371 601 ab
398 561 474 599 hoc
501 557 693 596 orationis
720 570 870 610 genere
896 561 1061 611 ornatus
1088 556 1173 605 ille,
1196 558 1262 610 qui
1289 570 1341 597 ex
1367 555 1456 595 sola
1480 556 1694 596 verborum
1719 556 1986 596 collocatione
2010 555 2157 604 on‘tur,
2192 555 2314 609 plane

212 631 371 670 videtur
395 639 487 667 esse
515 624 710 664 diversus.
1532 671 1535 674 ψ

366 694 453 735 Iam
478 706 590 743 vero,
616 696 662 733 ut
686 692 738 732 ad
765 688 1011 745 propositum
1037 690 1259 742 veniamus,
1285 704 1358 746 per
1383 690 1563 744 singulas
1591 691 1787 733 sermonis
1812 690 1926 732 latini
1942 693 2077 744 partes
2104 688 2313 731 videamus

214 778 292 817 quo
318 763 435 801 modo
460 761 603 800 Livius
630 760 681 798 ab
708 759 932 811 antiquiore
958 758 1029 797 illa
1052 753 1264 814 verborum
1290 758 1613 798 collocandorum
1638 759 1811 807 ratione,
1837 771 1917 811 qua
1941 757 2081 797 Cicero
2107 770 2209 795 usus
2236 762 2313 803 est,

213 829 444 869 discesserit
467 841 494 867 a
518 822 682 867 nomine'
703 826 952 866 substantivo
980 830 1022 865 et
1051 825 1248 865 adiectivo
1275 825 1424 866 exorsi.

368 895 479 934 Inter
516 907 661 933 nomen
696 892 990 947 substantivum
1018 896 1070 932 et
1106 892 1347 932 adiectivum
1381 905 1407 931 a
1438 890 1631 931 Cicerone
1663 891 1988 946 frequentissime
2012 890 2166 944 aliquot
2190 890 2314 929 verba

216 961 481 1011 collocantur,
520 974 626 1015 quae
659 964 730 1000 aut
766 959 936 1000 alterum
969 963 1040 998 aut
1069 963 1282 1013 utrumque
1307 959 1536 999 accuratius
1563 958 1774 1009 definiunt,
1812 962 1885 998 aut
1909 958 2109 998 notionem
2129 956 2313 1012 ‘aliquam

217 1028 484 1068 necessariam
512 1030 679 1078 addunt,
704 1031 776 1067 aut
800 1027 889 1067 soni
914 1027 1172 1079 asperitatem
1199 1027 1395 1078 mitigant.
1450 1025 1582 1066 Huius
1614 1027 1718 1066 modi
1755 1026 1881 1066 verba
1902 1024 2009 1066 “sunt
2031 1023 2194 1064 nomina
2218 1022 2311 1062 sub·

216 1094 391 1134 stantiva
424 1094 464 1134 in
500 1108 598 1150 casu
636 1094 812 1147 genitivo
838 1093 971 1146 posita
1000 1093 1087 1133 sive
1112 1106 1186 1147 per
1214 1094 1532 1148 praepositiones
1565 1094 1766 1142 adiuncta,
1791 1097 1864 1132 aut
1878 1093 1968 1133 alia
1994 1106 2096 1147 quae
2119 1090 2313 1131 facillime

216 1161 443 1202 subtantivo
469 1162 709 1202 adiiciuntur
733 1161 1014 1215 notionemque
1040 1161 1126 1202 eius
1153 1163 1326 1215 quodam
1353 1163 1471 1201 modo
1498 1161 1706 1215 complent.
1747 1160 1947 1214 Exempla
1970 1160 2087 1200 huius
2112 1158 2311 1199 notissimi

215 1234 442 1270 structurae
468 1230 628 1282 generis
654 1233 764 1269 sunt:
801 1242 964 1268 summa
989 1242 1095 1283 erga
1122 1234 1165 1268 te
1189 1228 1356 1277 studia;
1384 1235 1462 1268 tua
1487 1243 1592 1283 erga
1619 1242 1682 1268 me
1706 1228 1927 1277 voluntas3
1955 1227 2145 1283 aliquam
2164 1226 2208 1265 in
2225 1225 2311 1264 tuis

215 1294 347 1335 literis
372 1300 416 1335 et
441 1301 615 1336 nostrae
641 1295 960 1336 necessitudinis
985 1301 1029 1335 et
1054 1294 1307 1350 reipublicae
1339 1310 1476 1336 causa
1508 1295 1836 1351 gratulationem
1867 1293 2120 1349 exspectavi
2126 1308 2140 1341 ,-
2180 1298 2311 1332 tanta

216 1361 345 1402 animi
371 1362 660 1416 magnitudine
684 1363 775 1417 (Ep.
801 1365 854 1403 ad
879 1363 993 1404 Fam.
1019 1362 1071 1404 V.
1098 1362 1174 1414 7.);
1209 1362 1329 1403 huius
1355 1363 1654 1404 auctoritatem
1679 1362 1759 1404 loci
1784 1364 1839 1417 (p.
1865 1363 1892 1404 l.
1919 1363 2039 1404 Man.-
2057 1362 2125 1413 1.);
2157 1362 2198 1400 in
2223 1360 2311 1413 qui-

215 1429 288 1469 bus
314 1434 471 1479 tamen,
519 1431 554 1469 si
579 1431 697 1484 plura
721 1431 845 1472 verba
877 1431 1171 1472 substantivum
1209 1430 1259 1470 ab
1298 1431 1497 1472 adiectivo
1531 1431 1779 1484 disiungunt,
1818 1432 1869 1471 de
1900 1430 2098 1470 industria
2126 1428 2309 1469 notiones

215 1496 423 1552 utriusque
447 1496 649 1547 vocabuli,
671 1498 887 1551 praecipue
912 1497 1115 1548 adiectivi,
1139 1500 1360 1551 augentur,
1398 1498 1439 1537 id
1470 1499 1579 1552 quod
1616 1511 1667 1538 ex
1696 1498 1813 1538 tertio
1845 1497 2029 1551 exemplo
2058 1494 2309 1550 perspicitur.

215 1563 338 1617 Apud
363 1564 525 1605 Livium
551 1564 617 1604 hic
642 1579 741 1605 usus
766 1566 893 1605 multo
919 1566 1040 1605 latius
1065 1569 1199 1619 patet,
1236 1580 1329 1605 nam
1354 1566 1419 1605 hic
1444 1571 1727 1619 praeterquam
1753 1567 1859 1620 quod
1885 1566 2026 1606 eadem
2050 1564 2206 1604 ratione
2231 1563 2311 1601 uti·

214 1634 281 1669 tur
306 1644 387 1683 qua
412 1630 554 1671 Cicero
568 1661 580 1681 ,
619 1634 733 1672 cuius
759 1634 818 1672 rei
845 1634 1071 1686 exemplum
1103 1638 1184 1673 est:
1219 1632 1416 1672 intestino
1449 1632 1561 1672 inter
1588 1639 1742 1687 patres
1763 1631 2005 1687 plebemque
2028 1630 2125 1670 odio
2149 1629 2206 1669 ll.
2229 1628 2310 1676 23„

216 1701 257 1736 et
282 1697 382 1737 talia
406 1699 550 1749 verba,
590 1714 695 1753 quae
721 1714 747 1740 a
772 1700 968 1740 Cicerone
993 1705 1066 1740 aut
1089 1714 1290 1754 nunquam
1317 1704 1389 1740 aut
1412 1715 1506 1740 raro
1532 1700 1771 1756 interposita
1793 1700 1990 1754 invenies,
2026 1711 2149 1750 saepe
2173 1697 2311 1737 adiicit.

216 1768 257 1804 et
281 1765 369 1805 sine
393 1766 476 1807 ullo
502 1768 684 1818 consilio,
709 1767 787 1808 nisi
812 1767 918 1808 forte
943 1782 1014 1818 eo,
1037 1772 1084 1809 ut
1108 1768 1283 1808 varietas
1309 1769 1500 1808 orationis
1527 1767 1740 1817 efficiatur,
1766 1767 1872 1818 alia,
1885 1771 2001 1821 'quae
2024 1767 2076 1806 ad
2101 1764 2308 1817 augendas

216 1833 397 1873 notiones
424 1835 522 1875 nihil
546 1836 696 1884 valent,
722 1835 908 1875 inculcat.
951 1834 1065 1873 Illius
1091 1827 1250 1887 generis
1277 1849 1328 1875 ea
1352 1840 1416 1876 est
1439 1836 1665 1884 collocatio,
1692 1848 1772 1888 qua
1795 1835 1921 1875 verba
1946 1835 1986 1874 in
2011 1847 2108 1873 casu
2132 1831 2309 1879 ablativo

215 1900 347 1951 posita
372 1901 458 1941 sive
484 1901 580 1951 alia,
604 1916 708 1956 quae
733 1916 806 1956 per
830 1916 876 1942 se
902 1901 1162 1943 substantivis
1194 1903 1359 1956 adiungi
1383 1907 1607 1957 nequeunt,
1630 1904 1946 1956 interponuntur.
1996 1901 2198 1941 Interdum
2224 1899 2310 1954 qui-

215 1967 305 2008 dem
332 1968 436 2009 idem
464 1969 516 2018 ab
541 1970 628 2023 ipso
655 1969 849 2012 Cicerone
875 1969 1027 2010 factum
1054 1974 1137 2020 est,
1162 1972 1235 2011 sed
1262 1975 1454 2025 quantum
1480 1972 1663 2025 equidem
1691 1971 1823 2020 video,
1848 1984 1929 2010 non
1953 1968 2071 2010 facile
2094 1967 2170 2009 nisi
2195 1971 2311 2008 certa

214 2035 265 2074 de
290 2048 427 2096 causa.
455 2036 524 2078 Sic
548 2037 589 2077 in
613 2039 764 2079 verbis:
789 2044 1028 2090 ceter-onem!
1041 2036 1121 2078 hoc
1146 2051 1259 2079 anno
1285 2038 1541 2080 comitiorum
1567 2037 1757 2079 dominus
1782 2037 1900 2080 Verr-
1924 2036 2036 2079 A..1.
2061 2035 2099 2075 9.
2123 2033 2205 2075 hoc
2233 2048 2308 2074 an-

215 2114 269 2141 no
294 2103 452 2144 videtur
476 2105 543 2144 illo
569 2105 660 2145 loco
686 2107 860 2158 positum
887 2119 1000 2154 esse,
1032 2119 1083 2145 ne
1109 2119 1228 2145 aures
1254 2105 1413 2158 ingrato
1439 2120 1544 2145 sono
1565 2105 1849 2146 vocabulorum
1874 2105 2053 2145 similiter
2075 2102 2310 2143 exeuntium

214 2169 520 2212 offenderentur.
573 2172 724 2213 Contra
748 2174 856 2226 apud
880 2172 1041 2213 Livium
1067 2172 1184 2212 talia:
1228 2177 1395 2211 tantum
1419 2172 1613 2212 veterani
1637 2174 1781 2214 robore
1811 2171 2018 2213 exercitus
2043 2184 2127 2211 rex
2156 2169 2309 2211 Roma-

215 2240 292 2276 nus
314 2236 418 2293 picit
444 2238 480 2281 1.
509 2238 569 2280 15.
600 2239 701 2281 iusti
726 2253 837 2282 more
870 2238 965 2281 bella·
992 2240 1088 2282 ibid.
1119 2238 1211 2295 ipse
1235 2244 1368 2282 testes
1393 2237 1666 2281 honestarum
1692 2240 1843 2296 aliquot
1865 2238 1963 2280 locis
1984 2250 2226 2294 pugnarum
2253 2237 2307 2278 ci·

216 2305 398 2344 catrices
422 2308 605 2346 adverso
625 2314 801 2362 pectore
823 2307 1074 2348 ostentabat
1099 2307 1156 2347 11.
1181 2307 1269 2356 23„
1294 2308 1335 2347 in
1359 2307 1504 2361 quibus
1529 2309 1662 2348 verbis
1689 2322 1806 2348 casus
1832 2307 2032 2346 ablativus
2071 2319 2109 2345 a.
2135 2306 2162 2345 l.
2188 2320 2212 2345 e
2239 2319 2309 2345 no—

214 2371 323 2411 tione
347 2374 457 2413 verbi
483 2377 702 2426 pugnandi,
728 2390 832 2428 quae
856 2376 896 2415 in
922 2375 1118 2415 vocabulo
1138 2388 1381 2429 pugnarum
1407 2376 1532 2423 inest,
1557 2378 1704 2428 pendet
1726 2388 1855 2427 neque
1880 2373 1960 2412 alio
1984 2374 2076 2413 loco
2100 2374 2194 2425 poni
2219 2379 2309 2425 pet-

214 2441 294 2487 θβῐς
329 2441 403 2481 sed
432 2446 520 2483 tota
549 2446 753 2483 structura
783 2442 1006 2500 vitabatur,
1045 2442 1081 2483 si
1106 2443 1279 2496 scriptor
1304 2443 1538 2496 pronomine
1563 2443 1728 2483 relativo
1753 2456 1851 2482 usus
1877 2440 2045 2490 fuisset,
2080 2440 2122 2481 id
2150 2441 2258 2494 quod
2283 2454 2311 2481 a

213 2503 406 2548 Cicerone
431 2507 517 2549 fieri
544 2509 659 2550 solet.
685 2509 891 2561 (Ceterum
917 2510 1059 2551 eadem
1083 2509 1208 2551 verba
1232 2510 1380 2550 docent
1403 2509 1578 2560 Livium,
1604 2508 1782 2563 quamvis
1809 2508 2141 2562 diligentissimus
2165 2507 2309 2549 harum

213 2584 352 2612 rerum=
369 2575 443 2625 sit,
467 2577 769 2631 ambiguitatem
796 2591 945 2625 sensus·
967 2582 1101 2619 tamen
1126 2591 1205 2618 non
1231 2577 1351 2632 plane
1378 2578 1573 2625 evitasse,
1598 2590 1718 2630 quum
1745 2590 1797 2618 ex
1824 2577 1963 2618 ordine
1987 2576 2201 2617 verborum
2228 2575 2307 2615 sal-

211 2644 292 2679 tem
317 2655 396 2682 non
421 2647 675 2697 perspicuum
702 2647 776 2695 sit,
813 2650 947 2686 utrum
980 2645 1161 2686 adverso
1189 2651 1364 2698 pectore
1399 2660 1489 2687 cum
1514 2644 1634 2685 verbo
1659 2643 1908 2684 ostentabat
1938 2645 2217 2697 coniunctum„
2255 2657 2306 2683 an

213 2706 420 2761 participio
446 2711 582 2765 aliquo
608 2714 695 2755 sive
720 2713 919 2754 adiectivo
945 2712 1065 2754 simul
1091 2712 1306 2766 cogitando
1333 2714 1385 2754 ad
1411 2712 1618 2753 cicatrices
1645 2712 1869 2752 ducendum
1896 2712 1952 2752 sit
1977 2713 2055 2753 boc
2079 2713 2217 2752 modo:
2250 2713 2305 2751 ci-

212 2774 383 2814 catrices
408 2779 580 2818 adverso
611 2785 775 2833 pectore
814 2784 1004 2834 acceptas
1029 2781 1116 2822 sive
1141 2780 1409 2834 conspicuas.)
1459 2778 1678 2819 Matar-um
1714 2778 1900 2820 confecto
1932 2780 2021 2821 cibo
2059 2778 2305 2833 sanguinem

213 2839 269 2881 11.
292 2840 357 2881 32.
410 2842 532 2885 Fusis
558 2846 766 2889 Auruncis
800 2847 937 2889 victor
967 2852 1029 2888 tot
1060 2848 1166 2890 intra
1197 2863 1349 2903 paucos
1375 2848 1461 2888 dies
1487 2846 1602 2887 bellis
1631 2845 1850 2888 Romanus
1880 2845 2094 2902 promissa
2120 2876 2129 2885 .
2156 2874 2168 2884 .
2196 2874 2208 2885 .
2234 2859 2293 2887 ex

210 2907 439 2961 spectabat
465 2911 519 2951 11.
547 2912 625 2964 27„
644 2927 724 2969 quo
750 2916 840 2957 loco
866 2916 902 2956 si
927 2914 1069 2957 verba:
1096 2914 1246 2965 victor,
1271 2915 1376 2969 quod
1402 2912 1588 2955 adiectivi
1614 2914 1748 2956 locum
1773 2919 1905 2966 tenet,
1930 2918 1972 2955 et
1995 2911 2214 2955 Romanus
2241 2927 2304 2955 se·
