2527 3202
1235 523 1323 575 De

230 621 720 684 Discrepantia
782 620 1078 680 quadam
1127 619 1312 747 ἰέιῐθι·
1368 628 1751 670 sermonem
1797 615 2327 673 ciceronianum

1039 698 1131 747 et'
1196 696 1515 749 ivianum.

232 901 401 1008 Quam
429 948 595 988 difficile
621 950 671 987 sit
697 949 903 1002 discipulis
931 951 982 989 de
1007 954 1096 989 arte
1122 953 1164 988 et
1190 948 1324 988 indole
1348 947 1543 988 sermonis
1569 946 1678 986 latini
1705 953 1818 988 recte
1835 948 2068 1001 praecipere
2093 960 2232 988 omnes
2257 961 2326 988 ex·

225 1020 364 1069 pertas
390 1029 482 1056 esse
508 1017 650 1065 credo,
682 1016 825 1070 quibus
852 1017 953 1058 baec
989 1017 1195 1071 provincia
1226 1016 1267 1056 in
1300 1013 1447 1055 scholis
1482 1014 1631 1054 tradita
1655 1020 1727 1055 est.
1781 1015 1886 1056 Nam
1912 1019 2194 1069 praeterquam
2219 1016 2327 1069 quod

230 1084 426 1125 maximae
454 1097 600 1137 operae
627 1089 689 1126 est
715 1089 756 1126 et
781 1085 979 1140 >assiduae
1009 1085 1239 1138 diligentiae
1259 1084 1328 1143 ,ita
1361 1083 1401 1123 in
1427 1087 1612 1124 naturam
1646 1082 1763 1124 alieni
1794 1084 1992 1125 sermonis
2023 1087 2254 1138 penetrare,
2283 1088 2329 1125 ut

228 1153 321 1205 quid
348 1155 502 1190 rectum
528 1165 578 1191 ac
603 1152 785 1204 pulcrum
812 1154 866 1192 sit
890 1153 1012 1193 facile
1038 1153 1253 1200 sentiatur,
1301 1152 1442 1203 ingens
1482 1150 1696 1190 difficultas
1736 1152 1883 1201 oritur,
1928 1152 2036 1205 quod
2075 1152 2179 1191 inter
2215 1151 2328 1204 ipsos

228 1218 445 1271 scriptores
471 1218 632 1269 latinos,
658 1219 725 1273 qui
753 1219 890 1272 optimi
917 1233 1009 1260 esse
1033 1222 1236 1273 putantur,
1251 1222 1365 1257 tanta
1390 1216 1581 1257 orationis
1607 1217 1780 1257 varietas
1807 1218 1997 1268 cernitur,
2023 1221 2082 1268 ut,
2094 1218 2130 1258 si
2153 1217 2327 1259 alterum

228 1286 424 1339 sequaris,
437 1286 603 1326 alterius
629 1287 907 1326 auctoritatem
934 1291 1006 1326 aut
1030 1286 1259 1339 neglexisse
1284 1290 1356 1325 aut
1380 1285 1570 1324 reiecisse
1595 1285 1780 1325 videaris.
1817 1286 1930 1326 Inter
1954 1285 2029 1324 hos
2057 1286 2215 1339 quidem
2240 1298 2325 1326 om-

226 1367 298 1392 nes
329 1365 432 1392 unus
467 1357 509 1392 et
541 1353 770 1407 eloquentia
802 1358 843 1394 et
876 1354 1078 1406 elegantia
1109 1354 1319 1394 verborum
1355 1357 1396 1392 et
1430 1352 1566 1392 studio
1602 1353 1795 1392 sermonis
1827 1352 1941 1392 latini
1976 1353 2186 1393 excolendi
2209 1356 2325 1393 tanto

228 1433 349 1473 opere
375 1419 550 1470 excellit,
576 1424 622 1460 ut
647 1434 726 1460 non
753 1421 899 1471 desint,
920 1421 987 1474 qui
1013 1421 1119 1461 hunc
1144 1434 1266 1461 unum
1292 1433 1371 1460 non
1397 1419 1527 1459 solum
1553 1432 1651 1472 prae
1676 1419 1820 1460 ceteris
1846 1420 1921 1460 sed
1947 1419 2068 1460 etiam
2093 1423 2235 1460 contra
2259 1433 2324 1461 oe-

227 1492 337 1527 teros
368 1488 616 1541 sequendum
651 1500 743 1528 esse
774 1492 985 1537 censeant3
1025 1489 1260 1542 praesertim
1291 1500 1413 1542 quum
1445 1486 1511 1527 hic
1544 1487 1652 1526 idem
1693 1491 1775 1526 tam
1807 1488 1918 1528 vario
1952 1487 2142 1527 orationis
2172 1499 2323 1541 genere

226 1568 324 1593 usus
350 1555 424 1605 sit,
463 1559 508 1594 ut
533 1556 602 1595 vix
627 1555 751 1595 ullum
778 1560 925 1605 restet,
964 1556 1078 1596 cuius
1113 1556 1297 1609 exempla
1330 1554 1398 1596 ille
1423 1554 1538 1594 nobis
1565 1567 1645 1593 non
1671 1555 1932 1608 proposuerit.
1983 1554 2125 1608 Neque
2150 1568 2247 1608 ego,
2285 1555 2322 1595 ei

227 1623 315 1676 quis
341 1622 471 1663 solum
499 1622 732 1664 Ciceronem
759 1623 800 1663 in
826 1623 932 1663 omni
958 1624 1149 1663 orationis
1175 1623 1323 1663 latinae
1349 1635 1497 1675 genere
1523 1623 1786 1675 spectandum
1812 1635 1904 1662 esse
1929 1622 2160 1672 contendat,
2175 1636 2321 1676 magno

226 1702 346 1741 opere
371 1690 576 1730 adversor.
629 1690 732 1730 Nam
760 1704 811 1731 ex
837 1691 924 1730 eius
951 1690 1187 1745 aequalibus
1213 1703 1341 1744 neque
1366 1688 1583 1729 Gaesarem
1613 1702 1745 1742 neque
1771 1688 2006 1729 Sallustium
2038 1688 2320 1742 discipulorum

225 1757 434 1797 imitationi
459 1759 739 1799 commendare
764 1772 999 1812 possumus,
1033 1771 1113 1798 non
1138 1772 1217 1812 quo
1242 1757 1332 1797 libri
1359 1770 1496 1797 eorum
1521 1756 1597 1809 ipsi
1630 1757 1843 1810 spernendi
1869 1756 1964 1806 sint,
1988 1757 2061 1796 sed
2087 1758 2193 1810 quod
2218 1757 2323 1798 alter

226 1823 408 1864 consulto
433 1825 659 1878 negligens,
670 1826 776 1866 alter
800 1826 918 1866 nimis
931 1824 1172 1865 artificiosus
1190 1829 1263 1865 est.
1299 1824 1418 1869 Quod
1437 1824 1473 1863 si
1498 1824 1719 1877 proximam
1743 1823 1951 1863 literarum
1976 1836 2227 1863 romanarum
2252 1838 2320 1865 ae-

225 1896 350 1931 tatem
375 1893 687 1945 comparaveris,
713 1906 793 1946 qua
818 1906 885 1944 ars
911 1892 1072 1946 poetica
1096 1894 1149 1933 ad
1175 1897 1330 1933 tantum
1355 1892 1563 1945 fastigium
1591 1891 1699 1932 elata
1724 1894 1801 1941 est,
1827 1895 2018 1944 quantum
2043 1891 2232 1931 Romanis
2257 1896 2321 1933 at·

225 1960 380 2012 tingere
403 1959 536 2010 licuit,
576 1961 616 2000 in
642 1960 802 2001 solutae
828 1961 1019 2000 orationis
1044 1961 1305 2013 scriptoribus
1330 1960 1447 2014 plura
1472 1960 1551 2000 iam
1579 1959 1771 2008 invenies,
1797 1972 1902 2012 quae
1927 1958 1979 1998 ab
2002 1951 2253 2012 antiquorum
2277 1965 2322 2001 et

225 2025 479 2080 simplicitate
509 2031 552 2067 et
576 2028 776 2081 gravitate
801 2026 1054 2068 abhorreant.
1106 2026 1300 2072 Quamvis
1332 2026 1437 2067 enim
1469 2030 1511 2066 et
1541 2025 1629 2076 ille,
1670 2025 1738 2079 qui
1768 2025 1809 2064 in
1840 2025 2002 2065 civitate
2032 2028 2116 2064 tum
2147 2025 2321 2079 primum

224 2092 357 2132 locum
382 2095 559 2144 tenebat,
578 2100 619 2134 et
644 2096 730 2135 eius
757 2095 877 2134 amici
902 2096 1098 2148 multique
1122 2095 1197 2135 viri
1223 2095 1330 2134 docti
1355 2107 1553 2133 summum
1579 2093 1755 2132 studium
1780 2093 1821 2132 in
1845 2092 1971 2131 literis
1994 2092 2228 2146 artibusque
2252 2107 2320 2134 oo·

224 2160 352 2200 lendis
379 2166 592 2213 ponerent,
631 2175 711 2202 una
744 2166 879 2201 tamen
910 2163 1051 2202 deerat
1081 2162 1255 2201 civitatis
1286 2161 1473 2210 libertas,
1501 2174 1620 2214 quae,
1644 2165 1691 2200 ut
1715 2159 1878 2199 maximi
1906 2159 2093 2200 momenti
2117 2159 2257 2201 fuerat
2279 2162 2320 2202 in

224 2237 408 2267 sermone
431 2227 555 2268 latino
582 2228 784 2282 fingendo,
810 2227 867 2267 ita
892 2227 1003 2268 nulla
1028 2241 1159 2282 neque
1184 2231 1272 2268 arte
1298 2241 1429 2282 neque
1455 2227 1664 2280 diligentia
1688 2224 1934 2279 compensari
1957 2225 2102 2278 potuit.
2140 2225 2243 2268 Inde
2259 2226 2320 2279 fit,

226 2292 347 2339 atesi
372 2306 398 2331 a
424 2294 629 2335 Ciceronis
655 2296 767 2334 libris
794 2296 846 2333 ad
872 2295 1080 2347 proximae
1114 2295 1259 2334 aetatis
1292 2295 1509 2347 scriptores
1535 2295 1856 2347 progrediamur,
1881 2305 1932 2330 ex
1945 2291 2052 2331 -foro
2080 2305 2247 2333 romano
2277 2299 2321 2335 et

223 2359 417 2412 adspectu
441 2362 587 2402 <rivium
614 2363 667 2402 de
693 2361 801 2401 orbis
826 2365 1024 2401 terrarum
1049 2362 1212 2401 fortuna
1237 2360 1541 2401 deliberantium
1567 2362 1607 2401 in
1634 2358 1855 2401 cubiculum
1880 2357 2072 2412 principis
2098 2353 2206 2401 omni
2232 2362 2319 2417 qui-

224 2426 316 2466 dem
340 2426 603 2470 instrumento
629 2429 812 2469 luxuriae
838 2432 960 2483 atque
986 2429 1239 2470 amoenitatis
1266 2433 1526 2479 exornatum,
1561 2429 1633 2468 sed
1658 2428 1761 2467 idem
1787 2425 1912 2467 libero
1939 2439 2127 2480 sermone
2149 2428 2319 2471 ‹le-fitu-

222 2498 306 2532 tuni
334 2494 448 2534 nobis
475 2497 625 2537 intrare
650 2497 868 2538 videamur.
923 2496 1005 2536 Sed
1031 2497 1071 2536 in
1097 2496 1237 2535 borum
1264 2496 1503 2549 scriptorum
1530 2508 1692 2550 numero
1719 2493 1839 2533 etiam
1858 2492 2001 2533 Livius
2027 2497 2107 2546 est,
2131 2496 2247 2537 cuiue
2270 2497 2317 2539 li.

223 2560 282 2599 bri
313 2574 393 2601 non
424 2565 542 2604 modo
573 2570 739 2618 propter
776 2564 1017 2617 elegantiam
1050 2564 1244 2604 sermonis
1278 2568 1320 2603 et
1351 2568 1478 2603 artem
1504 2562 1732 2603 historicam
1757 2574 1973 2614 rerumque
1997 2561 2192 2615 ipsarum,
2215 2575 2317 2619 quau

223 2628 422 2680 exposuit,
432 2631 749 2685 amplitudinem,
776 2632 848 2672 sed
875 2632 994 2673 etiam
1020 2636 1182 2685 propter
1206 2630 1498 2671 multitudinem
1523 2628 1780 2679 voluminum,
1806 2641 1887 2683 qua
1911 2628 2018 2671 inter
2041 2623 2188 2671 aenda
2210 2631 2318 2673 ima·

222 2693 372 2747 scripta
396 2698 611 2748 excellunt,
637 2700 748 2753 dig-ni
773 2699 899 2739 habiti
923 2704 1031 2748 sunt,
1055 2699 1121 2752 qui
1146 2712 1172 2738 a
1197 2698 1403 2750 discipulis
1429 2697 1606 2737 studiose
1631 2696 1830 2748 legantur.
1882 2694 1967 2736 Sed
1992 2710 2115 2751 quum
2138 2698 2319 2753 plerique

221 2760 427 2800 literarum
452 2762 535 2803 ludi
561 2778 634 2818 per
659 2771 784 2806 totam
812 2766 900 2806 fere
924 2766 1094 2819 patriam
1119 2770 1297 2805 nostram
1323 2764 1381 2803 ita
1406 2763 1573 2803 instituti
1606 2763 1708 2813 sint,
1745 2767 1791 2802 ut
1823 2766 1866 2802 et
1890 2762 2034 2804 Cicero
2059 2767 2103 2804 et
2124 2764 2268 2805 Livius
2289 2778 2317 2805 a

222 2828 360 2880 pueris
383 2822 561 2871 eiusdem
588 2832 739 2872 ordinis
767 2834 907 2875 eodem
934 2838 1113 2886 tempore
1138 2832 1345 2890 legantur?
1382 2831 1422 2869 id
1449 2830 1554 2883 quod
1581 2828 1699 2869 aliter
1722 2827 1811 2868 fieri
1834 2830 1905 2871 vix
1930 2834 2077 2884 potest,
2099 2835 2225 2886 atque
2245 2831 2318 2873 ma

224 2894 505 2947 discipulorum
533 2906 646 2940 aetas
673 2901 712 2939 in
739 2902 878 2953 primis
905 2903 1048 2941 idonea
1073 2901 1144 2949 sit,
1184 2913 1263 2952 qua
1289 2900 1328 2937 in
1356 2898 1536 2937 oratione
1560 2898 1687 2937 latina
1710 2896 1902 2995 fingend¹a
1924 2911 2003 2938 non
2029 2898 2160 2939 solam
2182 2908 2317 2953 gram·
