2527 3202
1243 149 1289 200 :3

219 300 334 335 terea
358 292 540 333 omnibus
571 291 659 333 fere
689 291 869 345 epistolis
901 289 1030 329 ironia
1054 289 1251 343 quaedam
1281 290 1479 343 adspersa
1511 292 1593 349 est,
1633 288 1762 342 qualis
1794 288 1881 329 eius
1912 288 1985 328 viri
2018 288 2152 329 anirno
2184 290 2317 332 inesse

220 362 343 409 solet,
382 361 446 400 cui
471 375 539 400 res
572 372 676 413 quae
707 361 1068 396 commemorantur
1099 357 1356 398 vehementer
1380 357 1604 409 displicent.
1658 356 1893 410 Pel-paucae
1923 360 2092 407 tantum,
2118 370 2219 411 quas
2244 371 2316 412 pu-

220 428 323 469 blice
349 428 401 469 ad
426 432 610 470 senatum
645 440 696 467 ex
732 424 935 479 provincia
970 424 1099 474 misit,
1142 425 1271 478 magis
1302 426 1355 466 ad
1387 424 1514 479 ipsam
1547 414 1632 465 rem
1665 438 1783 478 quam
1817 425 1870 465 ad
1903 424 2109 477 scriptoris
2141 426 2317 467 animum

220 499 416 549 spectant.
468 494 517 534 ln
542 493 654 534 Livii
674 496 815 533 contra
838 492 950 532 libris
982 506 1034 532 ex
1059 492 1311 546 antiquorum
1343 505 1455 532 more
1480 492 1588 531 haud
1613 504 1766 545 paucas
1793 491 1994 532 orationes
2021 504 2169 546 easque
2193 494 2315 535 inter·

220 563 314 601 dum
339 562 440 601 satis
467 560 631 612 copiose
658 561 862 613 expositas
889 559 1055 599 inveniri
1080 564 1254 610 constat,
1280 561 1353 600 sed
1380 573 1431 599 ne
1456 560 1496 600 in
1522 560 1583 598 his
1611 559 1771 613 quidem
1797 559 2106 612 comparationis
2133 572 2221 600 cum
2247 559 2313 602 Oi.

220 642 364 669 cerone
385 629 514 667 locus.
567 627 838 666 Livius'enim
866 628 905 666 in
932 627 1177 666 orationibus
1203 626 1425 666 referendis
1452 626 1699 666 Graecorum
1733 627 1862 678 magis
1896 640 2015 679 quam
2040 626 2312 669 Romanorum
2352 638 2370 652 ’

221 709 337 736 usum
373 697 539 734 secutus
573 694 679 732 omni
718 694 785 733 illo
820 697 963 734 ornatu
1002 694 1052 733 de
1085 685 1281 733 industria
1306 693 1501 742 abstinet,
1536 708 1613 746 quo
1641 693 1846 734 Ciceronis
1871 694 2071 733 orationes
2096 693 2311 735 abundant.

221 762 325 808 Quin
352 774 508 801 omnem
535 760 821 815 eloquentiam,
848 774 929 815 qua
953 760 1142 800 continua
1167 760 1261 807 eius*
1276 760 1454 805 narratio
1481 765 1674 801 exornata
1699 774 1793 802 esse
1817 759 1942 811 solet,
1968 759 2099 799 subito
2125 760 2315 802 deserere

219 831 396 877 videtur,
421 829 737 882 quotiescunque
760 829 884 869 verba
909 829 998 881 ipsa
1024 829 1195 869 oratoris
1220 828 1388 868 alicuius
1415 829 1558 868 reddit.
1591 828 1705 872 Quae
1731 828 1892 882 quidem
1915 841 1982 867 res
2009 828 2044 867 ei
2070 828 2231 869 minime
2256 830 2314 869 vi·

219 899 275 937 tio
301 897 402 936 verti
429 900 577 950 potest,
604 896 749 949 quippe
776 895 842 949 qui
870 896 991 936 etiam
1017 897 1057 935 in
1083 895 1327 936 orationibus
1354 910 1434 936 non
1460 897 1561 945 suis,
1587 897 1657 936 sed
1683 896 1734 936 ab
1760 895 1850 936 aliis
1876 894 2021 935 habitis
2046 894 2179 935 officio
2206 910 2314 937 sum-

220 977 284 1003 mo
311 963 490 1004 historici
516 964 722 1018 scriptoris
749 962 961 1017 fungatur,
1000 968 1047 1005 ut
1076 978 1142 1005 res
1169 967 1309 1018 gestas
1333 963 1506 1015 referat,
1544 964 1583 1004 h.
1610 978 1643 1004 e.
1669 968 1949 1017 argumentum
1975 964 2164 1004 orationis
2191 978 2314 1018 expo-

219 1036 303 1080 nat,
328 1031 452 1071 verba
477 1032 607 1071 minus
634 1032 865 1071 necessaria
891 1033 1060 1071 omittat.
1099 1031 1194 1071 Huc
1219 1032 1376 1071 accedit
1402 1033 1508 1087 quod
1535 1031 1675 1071 Livius
1701 1032 1741 1071 in
1766 1030 1845 1071 illis
1872 1030 2115 1070 orationibus
2141 1031 2313 1072 alienum

218 1112 432 1150 personam
458 1100 657 1151 suscepit,
690 1100 803 1138 cuius
830 1100 1007 1138 moribus
1034 1104 1323 1139 consentaneas
1352 1113 1422 1139 eas
1448 1100 1584 1152 fingit,
1618 1099 1675 1136 ita
1699 1103 1743 1137 ut
1767 1112 1847 1138 non
1873 1100 2042 1138 eandem
2068 1099 2107 1137 in
2133 1099 2315 1139 omnibus

220 1165 486 1219 eloquentiam
512 1167 710 1218 invenias3
736 1179 829 1205 nam
855 1167 962 1220 quod
987 1166 1187 1207 tribunum
1211 1167 1446 1207 seditiosum
1472 1167 1769 1207 concionantem
1796 1168 1928 1214 decet,
1954 1166 2059 1205 idem
2084 1165 2217 1219 Appio
2244 1173 2317 1208 aut

220 1232 347 1271 Fabio
373 1236 445 1271 aut
470 1232 625 1272 Catone
650 1246 815 1285 prorsus
842 1233 1048 1284 indignum
1075 1236 1150 1272 est.
1776 1287 1778 1289 r

374 1298 556 1338 Exclusa
581 1300 704 1352 igitur
730 1301 1027 1352 comparatione
1054 1301 1141 1340 eius
1168 1301 1281 1350 artis,
1307 1314 1411 1354 quae
1437 1301 1597 1355 utrique
1622 1300 1804 1353 scriptori
1829 1300 1993 1352 propria
2019 1303 2097 1348 est,
2123 1301 2227 1352 quod
2253 1305 2314 1340 ta-

221 1378 311 1405 men
337 1379 480 1406 vereor
504 1369 550 1405 ut
576 1365 758 1405 omnibus
785 1366 885 1406 locis
917 1366 1003 1406 fieri
1030 1368 1178 1420 possit,
1216 1382 1336 1421 quum
1371 1381 1506 1407 eorum
1541 1368 1758 1407 orationem
1784 1366 2053 1419 comparaturi
2086 1381 2237 1416 sumus,
2262 1368 2315 1406 ad

219 1438 304 1473 tres
330 1433 503 1473 maxime
529 1446 595 1473 res
622 1434 777 1473 animus
804 1435 963 1475 videtur
988 1423 1080 1475 esse
1106 1436 1387 1477 advertendus.
1438 1435 1618 1475 Primum
1644 1436 1747 1476 enim
1773 1434 2042 1488 discrepantia
2067 1448 2159 1475 esse
2182 1440 2317 1489 potest

220 1502 261 1540 in
287 1501 492 1542 vocabulis
519 1501 616 1555 ipsis
645 1515 862 1557 eorumque
887 1502 1193 1556 significatione,
1217 1504 1359 1544 deinde
1384 1500 1424 1543 in
1449 1503 1662 1544 verborum
1688 1504 1789 1544 inter
1814 1516 1859 1543 se
1884 1503 2249 1556 coniungendorum
2275 1508 2317 1544 et

222 1570 337 1621 quasi
364 1571 645 1609 struendorum
671 1584 769 1620 usu,
796 1585 915 1624 quam
942 1572 1065 1623 vulgo
1091 1572 1425 1611 constructionem
1451 1571 1679 1624 appellant,
1704 1577 1787 1611 tum
1813 1572 1853 1610 in
1879 1585 2016 1610 eorum
2041 1571 2314 1611 collocatione.

223 1636 340 1680 Quod
369 1650 447 1690 quo
474 1636 634 1677 facilius
668 1637 917 1691 intelligatur
948 1639 1067 1679 unius
1101 1638 1293 1692 cuiusque
1327 1638 1486 1691 generis
1519 1639 1706 1691 exempla
1731 1652 1860 1692 pauca
1884 1639 2042 1678 addam.
2094 1638 2219 1678 Primi
2243 1639 2316 1691 igi-

222 1708 289 1744 tur
315 1708 393 1754 est,
419 1704 525 1758 quod
551 1704 694 1745 Livius
721 1705 918 1759 particula
943 1711 986 1745 et
1012 1720 1134 1760 saepe
1161 1706 1277 1748 aliter
1301 1706 1427 1747 utitur
1452 1709 1572 1759 atque
1593 1705 1752 1756 Cicero,
1779 1706 1885 1760 quod
1911 1706 2018 1759 apud
2045 1705 2211 1745 eundem
2237 1704 2316 1747 fre·

222 1772 506 1824 quentissimus
532 1786 631 1812 usus
665 1777 727 1812 est
752 1773 1037 1826 particularum
1064 1773 1224 1829 utique,
1261 1780 1458 1819 ceterum,
1492 1787 1660 1827 quorum
1685 1773 1775 1812 loco
1803 1772 1945 1812 Cicero
1971 1772 2203 1826 plerumque
2227 1773 2317 1812 aliis

222 1839 428 1891 particulis
456 1845 581 1886 certe,
609 1839 790 1894 quidem,
816 1841 895 1880 sed
918 1842 1058 1891 utitur,
1085 1843 1191 1895 quod
1217 1841 1456 1894 significatio
1482 1841 1594 1882 verbi
1620 1841 1706 1881 sive
1730 1839 1975 1887 incedendi,
2003 1841 2087 1880 sive
2111 1839 2317 1881 incessen-

223 1906 280 1954 di,
308 1906 436 1961 qualis
464 1907 503 1947 in
530 1907 592 1947 his
620 1911 700 1947 est:
733 1906 858 1947 timor·
877 1914 1031 1963 patres
1056 1907 1229 1949 incessit
1256 1909 1295 1949 in
1322 1907 1527 1949 Ciceronis
1553 1907 1664 1948 libris
1690 1921 1770 1948 non
1796 1908 2004 1948 invenitur.
2057 1907 2122 1948 Ad
2147 1907 2317 1949 alterum

223 1988 352 2025 genus
379 1974 634 2014 referendum
661 1987 753 2013 esse
780 1988 947 2025 censeo,
988 1977 1094 2029 quod
1120 1976 1262 2016 Livius
1288 1976 1412 2016 verba
1444 1974 1590 2029 utqui
1615 1988 1738 2028 saepe
1763 1975 1970 2026 coniungit
2001 1975 2067 2025 (ut
2091 1973 2164 2029 qui
2186 1987 2321 2030 neque

219 2040 367 2095 populi
391 2042 506 2080 iussu
531 2055 665 2095 neque
692 2041 931 2081 auctoribus
953 2042 1151 2096 patribus
1177 2049 1378 2097 regnaret
1411 2042 1443 2082 I.
1471 2040 1571 2094 49),
1598 2042 1740 2082 Cicero
1767 2041 1923 2097 quippe
1947 2040 2037 2096 qui,
2063 2047 2207 2095 utpote
2233 2042 2318 2098 qui,

223 2108 400 2150 scribere
425 2108 546 2157 solet;
574 2110 679 2162 quod
706 2109 980 2161 apudLivium
1006 2111 1131 2151 verba
1155 2110 1260 2151 nihil
1282 2109 1403 2150 aliud
1425 2111 1607 2163 sequitur
1632 2109 1831 2163 particula
1855 2123 1982 2164 quam
2007 2108 2236 2161 (perpaucis
2261 2111 2320 2150 lo·

224 2176 283 2216 cis
310 2176 510 2229 exceptis,
543 2189 594 2216 ex
613 2176 756 2230 quibus
783 2177 847 2217 hic
874 2181 954 2218 est:
981 2175 1087 2217 nihil
1110 2176 1231 2217 aliud
1254 2191 1284 2217 a
1311 2176 1445 2218 caede
1471 2191 1527 2217 ac
1553 2176 1822 2218 dimicatione
1847 2174 2095 2221 ‚continuisse
2120 2174 2322 2225 honiines,

224 2241 306 2282 nisi
326 2242 585 2298 patientiam
611 2243 947 2297 magistratuum.
979 2243 1114 2286 XXV.
1141 2244 1204 2297 4),
1245 2246 1353 2298 apud
1380 2244 1614 2287 Ciceronem
1641 2244 1724 2286 nisi
1729 2259 1744 2294 ‚·
1787 2244 1890 2298 quod
1924 2244 2154 2284 eorumdem
2179 2241 2321 2286 strbo-

223 2324 315 2349 rum
350 2311 458 2363 apud
497 2311 610 2350 illum
648 2313 866 2364 singularis
902 2327 1001 2352 usus
1035 2303 1117 2362 est,
1154 2327 1205 2352 ex
1238 2326 1316 2366 quo
1349 2312 1470 2365 plane
1507 2314 1547 2353 in
1579 2313 1755 2354 adverbii
1787 2311 1953 2350 alicuius
1986 2310 2320 2363 significationem

225 2380 448 2427 transeunt,
472 2378 586 2418 cuius
613 2380 721 2419 modi
748 2379 848 2420 haec
874 2384 985 2420 sunt:
1019 2378 1070 2420 Is
1094 2378 1201 2419 nihil
1223 2378 1344 2419 aliud
1366 2393 1507 2434 quam.
1521 2379 1603 2421 hoc
1636 2390 1837 2420 narr-asse
1852 2375 2006 2431 fertur·
2031 2377 2085 2418 11.
2111 2378 2174 2419 32.
2203 2379 2256 2431 (h.
2285 2395 2319 2421 e.

224 2444 302 2484 hoc
325 2444 456 2484 solum
482 2459 588 2485 narr.
615 2446 662 2496 f.‚
686 2460 779 2487 nam
804 2453 899 2501 post
922 2447 1047 2489 verba
1070 2446 1174 2487 nihil
1197 2446 1317 2487 aliud
1347 2448 1579 2502 neutiquam
1606 2462 1657 2489 ex
1684 2447 1730 2486 iis
1763 2442 1867 2498 quae
1899 2449 2123 2499 sequuntur
2154 2447 2319 2489 verbum

226 2524 430 2551 narrasse
456 2514 703 2566 cogitatione
727 2516 943 2568 petendum
970 2520 1054 2565 est,
1079 2515 1152 2554 sed
1178 2513 1287 2553 aliud
1314 2516 1514 2568 quoddam
1541 2516 1702 2556 verbum
1714 2511 1896 2568 feci-558,
1924 2511 2094 2566 egisse);
2134 2521 2321 2557 ventrem

227 2576 331 2617 nihil
353 2578 474 2620 aliud
480 2594 626 2638 quam
653 2581 770 2621 datis
796 2581 1077 2637 voluptatibus
1092 2580 1202 2636 frui.
1238 2581 1354 2631 ibid„
1386 2581 1491 2621 nihil
1514 2581 1632 2621 aliud
1663 2593 1792 2635 quam
1816 2578 1862 2618 in
1884 2579 2229 2634 populationibus
2253 2598 2320 2624 res

213 2641 307 2694 suit
334 2644 502 2695 11.49.;
530 2647 672 2691 Cicero
700 2654 840 2690 contra
866 2650 942 2690 hoc
967 2650 1054 2691 fere
1079 2650 1197 2689 modo
1222 2648 1416 2703 loquitur·
1442 2648 1547 2689 nihil
1570 2647 1689 2688 aliud
1704 2645 1910 2703 fecerunt
1943 2646 2028 2688 nisi
2057 2663 2145 2689 rem
2171 2649 2320 2691 detule-

225 2716 323 2749 runt
347 2710 474 2753 Rosc.
500 2713 593 2755 Am
620 2717 685 2757 37.
738 2716 871 2757 Huius
896 2718 974 2759 loci
1002 2718 1120 2758 etiam
1148 2719 1212 2756 est
1235 2729 1334 2755 usus
1360 2715 1643 2770 particularum
1668 2714 1736 2755 ita
1762 2720 1826 2762 ut,
1863 2715 1904 2754 in
1930 2728 2010 2769 quo
2037 2715 2077 2755 hi
2104 2717 2318 2771 scriptores

226 2777 419 2828 singulm-i
444 2783 563 2821 modo
589 2783 694 2824 inter
719 2798 765 2824 se
791 2786 999 2834 differunt,
1032 2785 1089 2823 ita
1113 2788 1170 2824 ut.
1183 2788 1353 2836 uterque
1379 2784 1544 2823 alteram
1570 2783 1766 2823 rationem
1790 2783 2116 2836 frequentissime
2140 2789 2319 2837 usurpet,

225 2841 610 2902 alten,plerumque
636 2850 847 2893 abstineat.
900 2852 1022 2906 Apud
1049 2851 1281 2891 Ciceronem
1313 2851 1410 2890 nihil
1448 2850 1696 2903 frequentius
1731 2855 1795 2891 est
1824 2850 2099 2890 huiuscemodi
2132 2852 2318 2892 enuncia-

227 2910 297 2950 tis:
323 2909 388 2950 ita
411 2913 729 2969 triumpharunt
754 2927 801 2975 ut
831 2920 901 2962 ille
929 2918 1073 2976 pulsus
1106 2923 1411 2972 superatusque
1442 2924 1649 2972 regnaret.
1688 2934 1726 2973 p.
1759 2920 1786 2961 l.
1812 2918 1924 2961 Man.
1955 2916 1992 2958 3.
2026 2915 2142 2959 bonis
2178 2925 2316 2960 autem

1896 2979 1913 3015 ι
1931 2973 1945 2990 0
