2527 3202
1276 115 1326 168 2

242 255 477 299 maticorum
503 262 722 311 praecepta
747 259 819 298 sed
846 256 969 297 etiam
994 260 1176 296 veterum
1204 257 1445 308 scriptorum
1471 256 1657 307 exempla
1683 261 1919 308 sequantur,
1945 259 2158 297 verendum
2186 262 2269 307 est,
2296 272 2346 297 ne

242 325 283 364 in
307 324 435 377 primo
461 324 628 371 introitu
654 322 905 378 eloquentiae
931 322 1126 363 haereant
1151 322 1305 373 incerti,
1325 314 1458 364 u'trum
1485 323 1719 363 imitandum
1746 322 1822 362 sibi
1845 329 2082 377 proponant.
2109 324 2211 364 Nam
2239 327 2344 379 quod

242 391 282 430 in
294 390 498 430 ordinibus
511 391 765 431 inferioribus
774 387 970 443 Eutropio
995 388 1037 429 e't
1048 389 1216 430 Aurelio
1229 388 1387 431 Victori
1412 395 1466 441 et,
1493 391 1528 431 si
1549 391 1610 430 dis
1624 389 1772 444 placet,
1790 390 1866 444 ipsi
1880 390 2043 433 Justino
2057 406 2216 448 operam
2232 393 2346 443 dant,

242 457 283 499 id
296 472 375 500 non
400 458 505 499 tanti
530 458 716 500 momenti
742 461 819 507 est,
844 462 891 498 ut
916 458 1045 501 oratio
1071 459 1163 499 inde
1189 473 1378 510 magnum
1405 461 1684 499 detrimentum
1711 471 1857 509 capere
1883 460 2078 517 videatur.
2108 460 2175 500 Ad
2201 460 2344 499 multo-

241 539 330 566 rum
355 530 492 567 autem
520 526 704 580 exempla
729 522 952 566 orationem
978 526 1036 566 ita
1061 526 1328 575 conformare,
1343 531 1402 576 ut,
1420 526 1488 567 ubi
1513 525 1616 565 inter
1641 538 1687 564 se
1712 538 1791 564 non
1818 529 2083 578 consentiant,
2098 528 2213 567 modo
2239 527 2345 566 hunc

241 595 362 633 modo
389 594 499 634 illum
515 594 730 648 sequaris,
757 592 827 634 vix
852 592 1063 635 ferendum
1089 594 1268 643 videtur,
1293 593 1371 634 nisi
1398 592 1691 646 discrepantiae
1718 595 1759 632 et
1784 606 1935 634 causae
1959 600 2002 636 et
2025 596 2198 637 rationes
2223 599 2345 634 antea

241 666 478 714 perspectae
503 661 597 701 sint.
650 660 784 705 Quam
824 661 875 699 ob
908 675 994 700 rem
1026 675 1147 715 quum
1179 662 1257 701 hoc
1292 674 1436 700 munus
1474 660 1570 700 mihi
1603 660 1836 698 mandatum
1871 661 1948 710 sit,
1986 667 2031 702 ut
2065 666 2108 703 et
2134 666 2343 715 utrumque

242 729 476 782 scriptorem
506 728 714 781 discipulis
741 728 1027 780 interpretarer
1051 733 1092 768 et
1116 729 1240 767 latine
1266 727 1466 776 scribendi
1494 730 1621 766 artem
1648 727 1856 775 docerem,
1895 741 2017 781 saepe
2051 742 2204 769 mecum
2229 742 2343 781 repu—

243 796 356 845 tavi,
374 808 454 849 quo
481 796 601 835 modo
627 794 714 836 fieri
740 800 899 850 posset,
936 800 982 836 ut
1008 810 1059 836 ex
1086 800 1254 850 utroque
1281 794 1488 848 exempla,
1525 793 1666 847 quibus
1701 793 1758 832 illi
1789 794 1840 833 ad
1868 794 2102 836 imitandum
2127 801 2343 844 uterentur,

239 867 478 916 repeterem.
544 863 593 903 Id
630 864 790 917 quidem
823 863 959 902 statim
992 863 1176 903 videbam
1208 863 1383 903 omnium
1416 863 1585 916 primum
1617 862 1956 914 comparationem
1984 864 2172 904 orationis
2198 864 2341 904 utrius-

240 945 320 985 que
346 935 579 972 accuratam
606 945 699 972 esse
725 931 1029 980 instituendam,
1066 945 1160 970 nam
1187 932 1264 970 nisi
1291 931 1453 984 cognita
1478 930 1589 983 prius
1617 930 1910 983 discrepantia,
1949 931 1984 971 si
2017 945 2098 986 qua
2123 937 2206 981 est,
2237 931 2343 972 dele-

241 1002 332 1038 ctus
360 997 446 1039 fieri
473 1012 553 1039 non
578 1003 725 1053 potest.
766 998 849 1040 Sed
877 1012 997 1052 quam
1024 999 1201 1040 difficilis
1227 999 1328 1038 haec
1352 1013 1417 1039 res
1445 998 1499 1037 sit
1524 998 1721 1038 neminem
1749 998 1890 1049 fugiet.
1929 998 2032 1038 Nam
2060 1001 2239 1053 quamvis
2265 1000 2344 1038 iam

240 1080 267 1104 a
299 1066 480 1118 pluribus
514 1067 610 1106 viris
646 1066 775 1106 doctis
808 1066 849 1105 in
883 1065 995 1106 libris
1027 1057 1302 1132 grammaticis
1334 1065 1461 1106 multa
1478 1065 1712 1118 ,conquisita
1737 1065 1841 1114 sint,
1882 1065 1921 1104 in
1949 1066 2091 1118 quibus
2117 1066 2223 1106 Livii
2247 1080 2343 1105 usus

241 1147 331 1172 cum
358 1132 566 1172 Ciceronis
592 1147 778 1174 sermone
803 1146 884 1172 non
911 1134 1111 1183 convenit,
1138 1134 1237 1173 haec
1264 1137 1398 1173 tamen
1424 1146 1508 1185 pro.
1524 1132 1681 1172 illorum
1709 1132 1885 1173 virorum
1911 1133 2067 1174 ratione
2092 1138 2164 1173 aut
2188 1133 2239 1173 ad
2265 1132 2343 1172 sin-

238 1199 425 1253 gulorum
452 1200 665 1241 verborum
693 1216 812 1241 usum
838 1200 967 1240 solum
994 1206 1200 1253 spectant,
1232 1205 1304 1239 aut
1330 1202 1369 1239 in
1396 1200 1575 1252 pluribus
1601 1200 1823 1238 libris-tam
1850 1200 2034 1252 dispersa
2057 1205 2184 1249 sunt-9
2196 1204 2241 1239 ut
2264 1212 2343 1239 non

236 1266 352 1319 parvi
383 1267 536 1318 negotii
570 1267 623 1306 sit
656 1281 707 1307 ea
736 1267 940 1320 colligere.
993 1266 1203 1307 Livianam
1238 1267 1460 1307 orationem
1488 1264 1843 1306 Drakenborchius
1883 1266 2041 1319 quidem
2077 1267 2212 1307 multis
2244 1266 2342 1306 locis

239 1334 390 1386 optime
425 1334 665 1387 explicavit,
705 1335 779 1373 sed
811 1334 939 1382 idem,
976 1339 1256 1388 praeterquam
1288 1335 1395 1387 quod
1430 1348 1506 1372 sua
1536 1333 1692 1372 ratione
1725 1333 1869 1373 ductus
1903 1333 2072 1384 “iprum
2108 1335 2344 1387 scriptorum

239 1413 358 1440 usum
385 1400 516 1440 minus
550 1401 820 1454 comparavit,
859 1401 899 1440 id
932 1401 1179 1451 potissimum
1206 1402 1381 1451 curavit,
1419 1406 1464 1440 ut
1493 1401 1682 1441 iudicium
1715 1413 1834 1440 suum
1866 1400 1917 1441 de
1950 1401 2056 1442 veris
2081 1400 2189 1442 Livii
2212 1399 2344 1442 verbis

239 1467 507 1510 confirmaret.
559 1469 706 1510 Restat
731 1469 853 1522 igitur
881 1473 925 1509 ut
951 1469 1130 1523 diligenti
1156 1469 1329 1511 lectione
1356 1470 1489 1509 omnia
1515 1483 1564 1509 ea
1589 1469 1871 1523 conquiramus
1899 1473 1940 1509 et
1966 1470 2177 1523 eligamus,
2202 1470 2343 1524 quibus

238 1537 427 1577 orationis
456 1538 728 1592 discrepantia
752 1538 886 1579 inesse
912 1538 1106 1579 videatur.
1162 1538 1300 1589 Quod,
1340 1552 1462 1593 quum
1494 1551 1567 1591 per
1598 1551 1644 1578 se
1675 1537 1783 1577 haud
1810 1537 1932 1578 facile
1957 1537 2033 1586 sit,
2059 1536 2260 1577 difficilius
2286 1537 2344 1586 fit,

237 1619 358 1658 quum
398 1605 456 1644 illi
494 1606 712 1658 scriptores
753 1620 833 1645 non
874 1606 915 1645 in
949 1607 1090 1646 eodem
1124 1620 1274 1659 genere
1307 1606 1499 1646 orationis
1531 1609 1752 1645 versentur.
1807 1604 1940 1644 Multa
1976 1604 2080 1643 enim
2112 1604 2344 1645 historicum

237 1674 398 1722 decent,
425 1686 530 1726 quae
556 1673 608 1713 ab
636 1673 807 1713 oratoris
833 1677 957 1726 atque
982 1673 1210 1726 philosophi
1236 1685 1347 1713 more
1374 1673 1600 1713 abhorrent.
1654 1671 1887 1712 Cavendum
1914 1671 2038 1724 igitur
2063 1676 2141 1721 est,
2166 1685 2217 1712 ne
2242 1686 2345 1722 eam,

237 1753 342 1795 quae
368 1741 598 1793 argumenti
625 1741 906 1782 dissimilitudo
934 1745 1018 1790 est,
1058 1741 1217 1793 ingenio
1252 1742 1409 1795 artique
1440 1741 1647 1794 scriptoris
1679 1739 1918 1782 tribuamus.
1970 1739 2239 1792 Reperiuntur
2263 1742 2348 1794 qui-

237 1809 327 1848 dem
356 1808 476 1847 etiam
504 1808 545 1847 in
574 1807 776 1848 Ciceronis
802 1808 915 1848 libris
944 1808 1094 1848 multae
1120 1822 1253 1848 rerum
1279 1809 1553 1858 narrationes,
1587 1807 1731 1862 quibus
1759 1811 1800 1847 et
1830 1807 1871 1847 in
1904 1805 2150 1846 orationibus
2181 1820 2344 1848 eausam

236 1875 412 1929 explicat
438 1880 479 1915 et
504 1876 545 1914 in
573 1876 755 1929 epistolis
782 1880 853 1915 aut
879 1876 1063 1916 Atticum
1097 1880 1169 1916 aut
1207 1878 1327 1917 alium
1362 1891 1413 1917 ex
1444 1875 1710 1916 familiaribus
1743 1876 1795 1915 de
1826 1874 1947 1930 rebus
1973 1874 2128 1914 Romae
2138 1878 2225 1914 >aut
2249 1888 2275 1914 a
2299 1889 2345 1915 se

235 1943 363 1997 gestis
383 1943 602 1985 certiorem
629 1943 752 1994 facit,
778 1944 852 1985 sed
878 1947 1034 1984 tantum
1061 1942 1184 1992 abest,
1203 1949 1249 1983 ut
1274 1959 1365 1984 cum
1392 1945 1582 1984 continua
1607 1958 1741 1983 rerum
1768 1947 1975 1994 gestarum
2002 1942 2249 1993 expositione
2274 1956 2343 1982 eas

236 2024 472 2068 comparare
498 2011 714 2062 possimus,
740 2016 786 2051 ut
811 2025 863 2051 ex
890 2011 939 2050 iis
966 2010 1065 2064 ipsis
1094 2010 1190 2064 quid
1216 2010 1318 2051 inter
1342 2025 1471 2065 genus
1499 2010 1718 2051 oratorium
1745 2014 1785 2050 et
1810 2009 2028 2049 historiam-
2045 2009 2201 2048 intersit
2224 2023 2346 2063 appa-

236 2083 336 2118 reat.
370 2077 419 2117 ln
446 2078 694 2118 orationibus
721 2079 827 2119 enim
855 2092 977 2132 quum
1005 2091 1153 2118 causas
1181 2078 1356 2132 explicat
1382 2092 1532 2133 easque
1558 2092 1624 2119 res
1652 2077 1880 2119 accuratius
1907 2080 2083 2127 enarrat,
2109 2076 2252 2130 quibus
2278 2082 2348 2118 aut

239 2159 399 2186 reorum
431 2145 601 2186 crimina
632 2145 919 2186 confirmantur
954 2151 1026 2186 aut
1057 2146 1284 2186 innocentia
1316 2148 1636 2196 demonstratur,
1670 2146 1813 2186 Cicero
1839 2159 1919 2185 non
1945 2146 1986 2185 id
2012 2144 2117 2197 agit,
2142 2149 2187 2184 ut
2212 2158 2346 2186 veram

237 2227 287 2254 ac
313 2212 472 2266 plenam
499 2213 715 2266 imaginem
741 2228 874 2254 rerum
902 2219 1110 2267 gestarum
1137 2220 1356 2267 proponat,
1387 2216 1459 2255 sed
1487 2219 1533 2254 ut
1558 2214 1733 2266 iudicum
1759 2213 1914 2252 animos
1942 2216 2102 2253 moveat
2127 2216 2169 2251 et
2193 2217 2264 2252 aut
2288 2214 2346 2253 in-

238 2281 510 2334 dignationem
536 2285 609 2321 aut
634 2281 949 2322 misericordiam
976 2285 1048 2321 aut
1074 2282 1175 2321 iram
1203 2282 1363 2322 excitet.
1417 2281 1551 2322 Multa
1576 2282 1698 2334 igitur
1724 2282 1892 2330 omittit,
1924 2282 2006 2321 alia
2031 2279 2231 2332 copiosius
2256 2295 2346 2334 per-

238 2349 434 2402 sequitur,
461 2349 660 2388 interdum
686 2363 767 2389 non
794 2348 953 2389 dubitat
979 2350 1073 2403 quin
1098 2362 1199 2389 vera
1223 2349 1337 2389 falsis
1364 2350 1545 2389 misceat.
1598 2348 1693 2402 Ipse
1718 2348 1810 2389 illas
1835 2346 2109 2388 narrationes
2131 2346 2347 2389 credibiles

239 2428 316 2455 nec
341 2413 557 2462 historico,
585 2415 664 2455 sed
683 2429 821 2470 prope
846 2414 1095 2470 quotidiano
1121 2430 1311 2456 sermone
1335 2415 1583 2470 explicatas
1610 2416 1792 2456 dilucide
1818 2417 1925 2456 dicit.
1953 2415 2039 2468 (Or.
2065 2413 2147 2465 36.)
2188 2413 2346 2468 Episto-

237 2482 368 2522 larum
404 2482 564 2535 quidem
598 2482 679 2522 alia
711 2483 816 2523 ratio
850 2486 934 2532 est,
972 2483 1044 2522 sed
1078 2497 1127 2523 ea
1158 2496 1238 2522 non
1271 2484 1403 2524 minus
1436 2484 1486 2523 ab
1520 2484 1775 2524 historiarum
1809 2484 2008 2537 scriptore
2038 2482 2182 2522 aliena.
2242 2483 2344 2524 Nam

240 2550 423 2604 quamvis
455 2550 494 2589 in
529 2550 578 2589 iis
615 2550 669 2589 ad
700 2551 851 2592 amicos
886 2550 995 2591 haud
1028 2563 1121 2590 raro
1152 2564 1218 2590 res
1252 2543 1340 2591 aut⁸
1355 2550 1513 2592 Romae
1545 2555 1616 2592 aut
1647 2551 1688 2592 in
1720 2551 1927 2605 provincia
1952 2554 2092 2604 gestas
2119 2551 2344 2592 accuratius

239 2616 477 2671 perscribat,
504 2619 751 2672 eaedemque
766 2618 890 2660 [nobis
918 2619 1079 2672 quidem
1105 2617 1229 2657 fontis
1255 2618 1457 2672 purissimi
1483 2622 1525 2659 et
1548 2618 1736 2666 uberrimi
1762 2617 1891 2659 instar
1915 2618 1997 2659 sint
2030 2617 2082 2662 ad
2107 2629 2174 2655 res
2198 2615 2345 2659 Roma-

239 2698 314 2726 nas
340 2684 445 2724 illius
473 2685 620 2725 aetatis
646 2681 967 2739 cognoscendas,
993 2699 1143 2738 magno
1170 2699 1291 2738 opere
1317 2691 1453 2726 tamen
1480 2701 1617 2727 earum
1643 2700 1777 2727 sermo
1803 2686 1855 2725 ab
1880 2685 2071 2726 historico
2097 2697 2245 2736 genere
2259 2686 2346 2733 ,dif-

239 2751 331 2792 fert.
383 2750 486 2790 Nam
514 2764 637 2805 quum
661 2755 806 2793 auctor
830 2764 968 2794 carum
993 2764 1061 2793 res
1088 2765 1159 2805 per
1186 2765 1231 2791 se
1257 2766 1336 2793 non
1364 2758 1561 2806 exponat,
1598 2755 1671 2795 sed
1698 2758 1769 2794 aut
1793 2754 1858 2794 sui
1883 2754 2009 2806 ipsius
2036 2755 2108 2790 aut
2132 2765 2268 2792 eorum
2292 2756 2345 2798 ad

242 2832 344 2872 quos
370 2818 567 2872 epistolae
600 2820 721 2858 datae
752 2823 849 2860 sunt
878 2820 1075 2860 rationem
1108 2832 1268 2872 semper
1293 2820 1461 2870 habeat,
1497 2820 1583 2862 fieri
1608 2835 1688 2861 non
1713 2824 1869 2875 potest,
1904 2820 2001 2875 quin
2027 2817 2147 2858 animi
2173 2821 2345 2874 quadam

242 2886 507 2927 commotione
536 2890 608 2927 aut
633 2887 686 2927 ad
714 2887 885 2929 oratoris
910 2887 1153 2940 gravitatem
1179 2892 1250 2928 aut
1275 2889 1327 2929 ad
1354 2889 1472 2930 amici
1497 2903 1723 2931 samonem
1750 2888 1990 2930 familiarem
2008 2887 2189 2928 ducatur.
2208 2888 2346 2929 Prae—
