2527 3202
226 283 276 323 pe
302 265 671 320 bellispestilentia
701 266 914 317 postremo,
929 263 1080 304 amissa
1111 264 1317 305 iuventute
1339 261 1523 319 fractos
1555 258 1727 315 spiritus
1758 273 1869 301 esse:
1909 267 2004 302 arte
2035 268 2246 317 agendum
2276 279 2315 305 m

227 334 383 376 exoleto
410 334 489 374 iam
514 335 717 375 vetustate
743 329 851 379 odio,
868 335 914 369 nt
938 329 1098 371 recenti
1124 330 1271 386 aliqua
1293 333 1365 371 ira
1389 327 1749 370 exacerbarentur·
1775 326 1918 368 animi-
1944 328 1997 368 11.
2022 329 2087 370 35.
2114 336 2215 371 extr.
2237 346 2316 386 pa-

226 415 315 442 cem
340 400 460 441 deum
484 396 798 453 exposcentium
823 396 1012 437 viror-um*
1029 396 1319 453 mulierumque
1345 395 1482 437 turba.
1509 395 1585 435 111.
1612 394 1649 434 5.
1676 399 1778 435 extr.
1806 394 1870 434 ad
1892 396 2118 436 arcendum
2138 397 2316 452 popula.

226 467 402 508 tionibus
427 466 598 507 hostem.
624 463 759 524 XXV.
785 463 823 503 9.
854 463 991 518 ignem
1017 490 1028 502 .
1055 495 1066 505 .
1091 463 1394 505 imminentibus
1427 475 1541 502 muro
1574 458 1783 515 aedificiis
1813 461 1968 502 iniecit.
1994 462 2050 502 Π.
2076 463 2136 504 33.
2167 478 2228 505 ex
2257 465 2317 505 in-

226 535 347 577 cultis
367 549 449 589 per
472 530 744 574 secessionem
766 530 902 585 plebis
930 532 1059 587 agr-is.
1087 532 1141 574 11.
1169 532 1234 573 34.
1286 532 1383 584 (Hic
1409 530 1619 573 verborum
1647 530 1745 569 ordo
1776 544 1904 584 paene
1930 531 1981 571 ad
2008 530 2118 572 illam
2144 537 2315 576 structu-

226 618 310 644 ram
337 602 506 652 accedit,
532 613 635 656 quae
661 613 687 639 a
713 598 900 653 Zumptio
927 598 1064 641 Grau».
1091 614 1130 655 p.
1158 599 1247 641 640.
1273 599 1316 654 ἦ.
1343 598 1433 639 794.
1465 603 1576 640 recte
1606 598 1873 651 vituperatum
1900 599 2005 652 quod
2030 598 2066 639 si
2098 603 2231 641 tmen
2261 600 2315 643 ab

227 673 365 711 eodem
390 670 598 718 adiicitur,
632 681 751 723 quum
778 669 923 719 vitiose
953 669 1031 708 dici
1059 668 1122 707 ad
1147 667 1378 723 praesidiis
1401 664 1631 722 firmanda
1657 665 1822 705 moenia
1853 667 2049 707 docuerit:
2086 669 2173 709 dies
2206 668 2313 710 kann

226 753 302 779 nur
326 737 503 777 heissen:
536 734 599 776 ad
622 733 785 777 moenia
806 733 1037 788 praesidiis
1046 732 1291 790 firmanda,
1315 736 1394 776 hoc
1419 735 1548 775 solum
1568 737 1624 775 -de
1650 733 1948 787 comparatione
1979 748 2068 775 cum
2099 736 2168 776 illo
2199 738 2313 778 vitio-

226 821 272 846 so
297 804 508 854 verborum
534 802 673 842 ordine
697 802 818 851 valet,
844 816 936 842 nam
963 815 1014 842 ex
1040 816 1151 844 more
1176 802 1283 844 Livii
1308 807 1421 844 certe
1447 803 1526 842 dici
1552 803 1669 842 etiam
1697 804 1851 859 potest:
1879 799 2178 856 adfirmanda
2188 818 2317 859 prae.

225 870 344 913 sidiis
369 869 561 920 moenia.)
614 868 813 908 Romulus
838 867 991 909 Silvius
1017 883 1047 909 a
1068 875 1199 923 patre
1232 876 1409 924 accepto
1441 866 1613 923 imperio
1645 873 1808 923 regnat.
1837 867 1871 908 1.
1897 867 1934 908 3.
1965 882 2046 909 non
2079 869 2221 912 dolore
2251 886 2313 913 so.

224 941 308 980 lum
333 945 486 979 tantae
513 937 576 976 ad
598 936 762 975 irritum
789 935 983 975 cadentis
1008 936 1110 991 spei.
1138 937 1193 977 11.
1219 936 1256 976 6.
1291 950 1415 990 quum
1437 940 1674 989 promptum
1705 935 1785 975 hoc
1808 934 1874 975 ius
1908 936 2017 976 velut
2052 951 2111 977 ex
2141 939 2312 981 oraculo

224 1004 507 1060 incorruptum
528 1002 697 1058 pariter·
727 1001 783 1042 ab
816 1002 869 1043 iis
895 1003 1041 1043 summi
1065 1001 1278 1059 infimique
1295 1002 1481 1058 ferrent.
1514 1002 1591 1042 ΙΙΙ.
1618 1001 1679 1042 34.
1704 1003 1743 1042 h.
1770 1016 1805 1043 e.
1839 1017 1960 1057 quum
1990 1004 2064 1044 boc
2103 1005 2166 1045 ius
2203 1006 2315 1047 velut

226 1086 278 1112 ex
303 1072 464 1112 oraculo
491 1075 716 1125 promptum
743 1071 887 1111 summi
913 1070 1114 1126 infimique
1138 1072 1289 1126 pariter
1314 1071 1365 1110 ab
1391 1071 1439 1110 iis
1467 1071 1735 1124 incorruptum
1760 1070 1924 1110 ferrent.
1975 1069 2182 1113 Immenso
2207 1073 2313 1114 alia-

225 1154 314 1178 mm
339 1153 465 1192 super·
490 1138 603 1178 alias
630 1143 930 1183 acervatarum
955 1138 1125 1179 cumulo.
1152 1139 1244 1179 ibid.

327 1206 459 1246 Huius
486 1221 583 1246 usus
609 1205 922 1260 participiorum,
947 1209 994 1245 ut
1018 1220 1141 1260 supra
1166 1207 1245 1246 iam
1271 1206 1681 1255 commemoravimus,
1695 1219 1743 1245 ea
1767 1206 1941 1246 maxime
1967 1218 2093 1246 causa
2111 1212 2186 1258 est,
2204 1210 2311 1264 quod

227 1275 360 1314 Livius
387 1275 605 1328 participiis
632 1273 697 1313 vel
723 1273 820 1326 ipsis
847 1274 1054 1313 adiectivis
1086 1275 1212 1313 utitur
1243 1275 1294 1313 ad
1327 1274 1432 1313 idem
1468 1274 1777 1323 enunciandam,
1815 1275 1922 1328 quod
1953 1273 2311 1317 Ciceroadbibifis

228 1342 429 1382 vocabulis
455 1342 632 1381 relativis
660 1340 820 1381 efficere
847 1342 992 1381 studet.
1045 1341 1140 1381 Huc
1166 1343 1284 1382 etiam
1310 1342 1484 1394 pertinet
1514 1356 1612 1381 usus
1647 1342 1956 1394 interpositionis
1988 1343 2074 1382 sive
2104 1345 2310 1395 parenthe-

226 1411 294 1450 sis.
347 1410 461 1455 Quae
495 1424 616 1463 quum
652 1409 866 1461 interprete
891 1409 1008 1449 huius
1034 1410 1093 1449 rei
1120 1409 1386 1454 Quinctiliano
1414 1408 1632 1459 efficiatur,
1671 1411 1762 1450 dum
1796 1410 2082 1450 continuationi
2117 1413 2311 1452 sermonis

226 1478 379 1517 medius
406 1477 549 1531 aliquis
575 1489 718 1516 sensus
745 1476 972 1515 intervenit:
998 1475 1093 1530 Ego
1120 1490 1244 1531 quum
1269 1482 1312 1516 te
1338 1481 1516 1526 (mecum
1532 1476 1642 1516 enim
1655 1476 1901 1531 saepissime
1913 1476 2116 1531 loquitur)
2136 1478 2311 1532 patriae

226 1544 512 1590 reddidissem,
539 1544 579 1583 in
606 1557 790 1583 sermone
816 1544 1045 1597 quotidiano
1072 1544 1178 1583 siout
1203 1544 1242 1583 in
1268 1543 1529 1592 orationibus,
1556 1557 1660 1597 quae
1687 1548 1732 1582 ut
1755 1543 1978 1584 habeantur
2003 1557 2078 1583 non
2104 1549 2150 1584 ut
2172 1544 2309 1598 legan-

226 1618 291 1651 tur
316 1611 451 1651 factae
477 1615 590 1659 sunt,
628 1610 697 1649 vix
729 1610 852 1649 ullum
879 1610 1010 1649 locum
1038 1611 1169 1650 habet.
1222 1611 1324 1650 Nam
1352 1609 1514 1649 difficile
1540 1614 1603 1649 est
1628 1611 1967 1663 pronunciationis
2002 1615 2041 1650 et
2072 1612 2158 1650 soni
2182 1612 2309 1652 varie-

226 1684 310 1719 tate
336 1679 424 1718 sola
449 1678 625 1717 indicare
649 1676 774 1722 verba
800 1678 996 1730 quaedam
1024 1689 1102 1716 non
1128 1679 1345 1717 continuati
1371 1678 1566 1717 sermonis
1582 1690 1700 1727 esse,
1727 1679 1799 1717 sed
1826 1692 1898 1731 per
1924 1692 1969 1718 se
1996 1679 2206 1718 enunciari.
2244 1679 2310 1719 Ita

225 1746 285 1796 fit,
310 1750 356 1786 ut
381 1746 420 1786 in
447 1744 651 1785 Ciceronis
680 1744 925 1784 orationibus
952 1759 1031 1784 non
1068 1745 1218 1786 multae
1250 1745 1517 1794 inveniantur3
1555 1759 1649 1785 nam
1682 1759 1785 1799 quae
1818 1746 1858 1785 in
1894 1746 2126 1786 editionibus
2163 1747 2308 1787 nostris

225 1815 340 1867 signo
367 1813 434 1853 illo
460 1811 710 1865 parenthesis
736 1815 938 1861 notantur,
964 1812 1176 1853 maximam
1202 1816 1356 1866 partem
1383 1826 1504 1853 verae
1530 1813 1789 1866 parentheses
1815 1826 1896 1852 non
1922 1818 2028 1863 sunt,
2048 1826 2164 1867 quum
2191 1827 2309 1855 voca-

226 1881 408 1920 bulorum
433 1879 689 1919 relativorum
716 1878 864 1917 auxilio
891 1880 943 1917 ad
969 1879 1198 1919 continuum
1226 1893 1450 1919 sermonem
1477 1881 1759 1929 adnectantur,
1804 1884 1849 1919 ut
1874 1880 1972 1920 hoc:
2011 1879 2074 1926 Si,
2106 1880 2220 1934 quod
2241 1880 2310 1921 Iu-

220 1949 335 2003 piter·
366 1960 483 1988 omen
518 1951 714 1992 avertat,
751 1944 861 1985 hunc
891 1945 1043 1988 vestris
1073 1946 1291 1987 sententiis
1330 1945 1593 2001 affixeritis.
1626 1962 1664 2000 p.
1697 1947 1802 1987 Mur.
1833 1945 1897 1986 41.
1950 1946 1997 1986 In
2027 1946 2186 2001 reliquis
2222 1948 2310 1989 eius

225 2017 335 2057 libris
362 2015 614 2055 inveniuntur
640 2014 813 2068 quidem,
838 2014 1012 2053 maxime
1037 2014 1077 2052 in
1104 2013 1288 2065 dialogis,
1314 2013 1382 2052 ubi
1408 2027 1474 2053 res
1501 2013 1577 2052 hoc
1603 2013 1697 2063 fert,
1723 2017 1770 2053 ut
1794 2026 1846 2053 ex
1870 2012 2031 2054 alterius
2055 2026 2228 2066 persona
2253 2014 2312 2055 lo-

226 2088 385 2138 quatur,
409 2097 446 2123 v.
473 2096 508 2122 c.
534 2095 586 2121 ne
611 2079 681 2121 hic
705 2080 785 2121 sihi
810 2080 896 2132 (me
921 2079 1170 2135 appellabat
1194 2079 1362 2132 iocans)
1388 2078 1468 2119 hoc
1492 2079 1624 2139 licere·
1638 2086 1762 2135 putet
1787 2078 1874 2120 soli.
1903 2080 2028 2120 Acad-
2055 2078 2125 2120 IV.
2153 2074 2212 2130 63
2237 2083 2311 2122 sed

226 2151 322 2191 nihil
347 2150 456 2189 aliud
481 2150 684 2189 continere
710 2149 853 2198 solent,
879 2149 955 2188 nisi
981 2162 1084 2202 quae
1110 2148 1189 2187 alio
1215 2148 1333 2186 modo
1370 2147 1448 2186 dici
1474 2146 1594 2200 plane
1619 2162 1697 2187 non
1723 2152 1910 2200 possunt,
1952 2147 2121 2200 ideoque
2154 2148 2313 2189 confor-

227 2220 438 2260 mationem
465 2218 593 2271 ipsam
620 2217 810 2257 orationis
837 2230 915 2257 non
941 2216 1157 2269 attingunta¹
1205 2214 1345 2255 Livius
1373 2218 1538 2265 contra,
1571 2215 1636 2254 cui
1668 2215 1706 2254 in
1734 2214 1918 2255 continua
1941 2200 2171 2264 narratione
2195 2229 2311 2256 occa-

226 2289 286 2328 sio
313 2286 481 2327 alieuius
506 2286 565 2325 rei
591 2285 902 2339 interponendae
927 2297 1005 2323 non
1032 2296 1155 2336 saepe
1181 2282 1315 2322 oblata
1341 2286 1418 2331 est,
1443 2281 1565 2322 nihilo
1592 2282 1723 2322 minus
1754 2280 2047 2334 parenthesium
2081 2286 2144 2321 est
2175 2295 2311 2323 aman-

225 2356 418 2403 tissimus,
444 2367 547 2407 quae
572 2368 697 2406 prope
724 2366 876 2401 omnes,
902 2351 937 2390 si
962 2350 1199 2391 vocabulum
1224 2349 1432 2389 relativum
1461 2349 1650 2389 adhibere
1675 2348 1884 2396 voluisset,
1908 2346 2154 2388 tollerentur.
2206 2349 2312 2394 Mul-

166 2470 168 2473 ·
226 2413 278 2463 t'a‘
295 2435 431 2462 earum
459 2420 643 2473 exempla
669 2419 858 2472 colligere
884 2432 962 2458 non
990 2418 1106 2457 huius
1132 2417 1209 2457 loci
1237 2419 1313 2465 est,
1325 2416 1561 2469 praesertim
1576 2429 1694 2470 quum
1719 2415 1758 2454 in
1776 2413 2014 2454 editionibus
2038 2414 2228 2457 librorum
2241 2416 2311 2458 Li-

169 2473 173 2475 *
226 2492 430 2530 vianorum
459 2489 574 2540 signo
602 2488 670 2527 illo
696 2491 858 2526 notatae
885 2487 963 2536 iam
991 2499 1015 2525 e
1040 2484 1255 2537 longinquo
1286 2483 1583 2536 conspiciantur
1613 2486 1731 2534 atque
1757 2481 1813 2519 ita
1848 2480 1991 2521 faciles
2023 2481 2185 2523 inventu
2220 2485 2312 2524 sint.

227 2556 308 2597 Sed
336 2571 456 2611 quum
482 2570 561 2595 non
587 2557 760 2596 omnium
787 2555 840 2594 sit
865 2555 1008 2594 eadem
1032 2553 1151 2601 ratio,
1169 2565 1271 2604 quae
1297 2565 1448 2604 genera
1464 2549 1784 2603 frequentissima
1809 2542 1891 2589 sint
1914 2549 2087 2590 breviter
2103 2564 2311 2606 exponam.

228 2623 403 2665 Primum
431 2637 558 2676 genus
585 2623 689 2672 dico,
716 2623 749 2662 si
776 2621 899 2662 verba
924 2619 1159 2674 interposita
1183 2631 1256 2672 per
1280 2618 1516 2671 particulam
1543 2616 1715 2670 aliquam
1742 2616 2033 2667 adnectuntur,
2059 2622 2125 2658 ut:
2165 2618 2312 2661 bellum

228 2705 319 2731 cum
349 2689 592 2732 Veientibus
620 2690 726 2742 (iam
754 2690 857 2730 enim
884 2687 1081 2728 induciae
1105 2684 1323 2738 exierant)
1351 2684 1525 2740 aliisque
1549 2682 1745 2724 Etruscis
1772 2688 1960 2724 sumtum.
1987 2683 2020 2725 Ι.
2047 2684 2124 2727 42.·
2143 2699 2224 2743 quo
2249 2702 2312 2728 cu-

225 2758 326 2811 pide
356 2758 498 2798 oblato
521 2759 657 2815 ¹(adeo
687 2757 882 2798 civitates
915 2762 994 2796 eae'
1018 2759 1225 2809 perpetuo
1256 2752 1298 2791 in
1328 2752 1539 2792 Romanos
1572 2750 1668 2789 odio
1702 2753 1941 2800 certavere)
1977 2751 2121 2791 bellum
2152 2767 2312 2794 summa

230 2824 271 2863 vi
292 2825 546 2878 parabatur.
575 2825 650 2866 Ill.
677 2825 713 2864 4.
741 2824 777 2864 si
803 2823 895 2879 quis
922 2820 1102 2876 hospitio
1130 2819 1232 2860 civis
1260 2817 1443 2859 Romani
1469 2817 1652 2867 (vacuas
1679 2821 1813 2857 autem
1842 2816 2040 2858 tenebant
2056 2817 2221 2872 domos)
2246 2834 2313 2861 no-

230 2904 322 2931 men
346 2893 642 2947 inscripsisset.
668 2891 803 2933 XXV.
833 2890 892 2931 10.
920 2890 1027 2931 dare
1057 2886 1249 2941 Quinctio
1275 2883 1497 2926 subitarios
1524 2882 1672 2924 milites
1713 2883 1800 2934 (ita
1826 2890 1913 2982 tuzm
1943 2884 2162 2939 repentina
2196 2889 2315 2928 auxi.
