2527 3202
380 288 557 327 Maxime
584 299 679 326 vero
706 286 874 337 insignis
901 286 1029 323 oratio
1055 285 1162 325 Livii
1189 299 1237 324 eo
1262 286 1330 334 fit,
1358 286 1464 337 quod
1493 284 1656 323 verbum
1688 285 1776 323 sive
1799 284 1911 322 finito
1938 287 2056 324 modo
2084 287 2170 325 sive
2197 288 2235 325 in
2264 289 2319 326 in-

224 358 375 397 finitivo
400 358 574 408 positum
601 355 708 403 (nam
737 354 788 391 de
812 354 1032 404 participiis
1057 354 1163 392 infra
1190 355 1401 394 dicendum
1428 352 1519 402 erit)
1546 366 1620 391 suo
1646 352 1734 392 loco
1761 357 1897 392 movet
1922 358 1963 391 et
1996 354 2101 394 inter
2134 355 2319 394 substan-

225 423 350 463 tivum
375 427 417 463 et
441 420 681 462 adiectivum
708 418 890 460 collocat.
944 418 1044 459 Inde
1074 418 1141 460 ille
1167 419 1277 460 color
1301 418 1505 473 poeticus,
1543 432 1623 473 quo
1663 432 1782 472 quum
1815 432 1954 459 omnes
1990 418 2078 460 libri
2108 420 2197 461 eius
2235 426 2320 461 tum

223 502 320 542 prae
346 489 491 530 ceteris
522 487 637 541 primi
664 487 721 526 ita
753 486 977 537 excellunt,
1018 490 1064 526 ut
1101 487 1273 541 scriptor
1305 487 1504 527 interdum
1542 485 1729 525 carminis
1763 486 1930 526 alicuius
1963 485 2087 526 verba
2121 488 2320 542 quaedam

225 554 405 597 mutasse
431 560 473 597 et
497 569 684 596 versuum
715 554 883 594 vinculis
909 554 1080 594 solvisse
1104 556 1300 595 videatur.
1353 553 1493 594 Cicero
1519 554 1680 607 quidem
1707 544 1792 606 ipse
1817 554 1894 593 hoc
1919 567 2032 594 more
2056 567 2135 593 non
2161 556 2320 595 omnino

224 624 435 671 abstinuit,
473 628 519 662 ut
543 623 691 670 verba,
730 635 834 675 quae
865 621 1099 675 plerumque
1151 623 1365 661 enunciata
1391 620 1655 668 concludunt,
1695 620 1774 659 alio
1799 621 1889 660 loeo
1915 621 2116 673 posuerit,
2155 623 2226 660 sed
2251 623 2320 661 vix

222 693 329 743 apud
355 704 445 731 eum
472 690 597 730 ullum
623 690 755 729 locum
781 688 1002 743 inveneris,
1035 703 1113 742 quo
1140 689 1181 728 id
1207 703 1285 728 non
1311 692 1425 729 certa
1457 689 1507 728 de
1532 697 1659 728 eausa
1691 687 1747 727 sit
1778 687 1944 728 factum.
1994 687 2096 728 Nam
2131 694 2204 728 aut
2232 690 2320 741 ipsa

221 758 413 797 orationis
440 757 501 797 vis
528 757 604 796 hoc
629 755 796 810 requirit
820 761 892 795 aut
917 769 1106 795 numerus
1131 756 1329 796 oratorius
1356 758 1428 795 aut
1452 755 1625 795 studium
1659 755 1816 794 numeri
1849 754 1995 808 poetici
2021 755 2185 796 vitandi.
2240 754 2319 795 Hic

221 837 342 878 quum
368 823 486 865 Verr.
511 823 561 864 1..
589 823 621 863 1.
649 822 711 862 22.
739 823 799 863 sic
824 822 980 863 scribit:
1016 820 1130 863 Socii
1153 836 1251 863 vero
1276 821 1553 876 nationesque
1578 827 1757 878 exterae
1780 835 1899 877 spem
1923 821 2100 862 omnium
2124 828 2212 862 tum
2233 822 2321 877 pri-

222 904 330 931 mum
359 890 599 932 abiecerunt
626 904 762 931 rerum
790 904 845 929 ac
855 889 1136 944 fortunarum
1164 904 1346 938 suarum,
1373 903 1491 930 nemo
1518 894 1580 929 est
1604 890 1670 943 qui
1696 903 1777 929 non
1803 889 1940 929 videat
1963 894 2044 930 tres
2071 890 2163 930 illas
2190 891 2318 930 notio-

221 972 293 999 nes
321 958 531 999 verborum
557 956 755 1004 omnium,
798 963 884 996 tum
906 956 1108 1011 primum,
1146 956 1407 1004 abiecerunt,
1461 957 1568 1011 quod
1591 958 1708 1007 juxta
1739 970 1786 997 se
1811 957 1945 1009 posita
1975 961 2068 996 sunt
2093 958 2235 1010 augeri
2260 958 2317 997 in-

220 1028 350 1080 deque
375 1026 702 1078 indignationem,
727 1039 846 1078 quam
873 1029 1009 1064 orator
1034 1040 1196 1066 movere
1222 1026 1372 1074 studet,
1398 1024 1576 1064 excitari.
1627 1024 1737 1063 Idem
1765 1025 1806 1063 in
1834 1024 2006 1077 epistola
2029 1026 2080 1064 ad
2094 1024 2318 1064 Lucceium

220 1107 342 1147 quum
369 1093 431 1134 bis
457 1093 591 1134 verbis
617 1093 760 1132 utitur:
783 1106 916 1145 genus
941 1091 1051 1132 enim
1076 1092 1326 1147 scriptorum
1353 1098 1514 1132 tuorum
1544 1121 1552 1130 .
1582 1121 1591 1130 .
1619 1121 1627 1130 .
1654 1105 1717 1131 me
1749 1090 1816 1131 ita
1849 1089 1919 1131 vel
1945 1090 2057 1146 cepit
2088 1090 2157 1132 vel
2183 1090 2318 1132 incen-

219 1159 296 1208 dit,
323 1165 369 1200 ut
395 1172 586 1215 cuperem
611 1172 741 1215 quam
766 1157 976 1199 celerrime
1000 1172 1069 1199 res
1094 1165 1262 1200 nostras
1290 1156 1561 1199 monumentis
1578 1156 1861 1198 commendari
1885 1157 1982 1205 tuis,
2010 1159 2106 1213 (quo
2133 1158 2317 1212 exemplo

219 1229 344 1266 utitur
356 1228 571 1278 Zumptius
595 1228 636 1265 in
650 1227 721 1266 Gr.
748 1227 798 1265 L.
827 1226 947 1277 788.)‚
973 1232 1254 1280 praeterquam
1281 1228 1389 1280 quod
1415 1227 1455 1264 in
1481 1225 1661 1276 epistolis
1688 1226 1815 1264 oratio
1840 1227 2110 1277 negligentior
2133 1232 2210 1274 est,
2236 1240 2318 1285 non

216 1294 305 1333 sine
337 1307 465 1333 causa
495 1307 712 1348 pronomen
746 1293 830 1333 tuis
864 1294 905 1333 in
938 1292 1017 1333 fine
1042 1294 1197 1346 posuit,
1234 1298 1280 1333 ut
1312 1307 1365 1334 ex
1395 1292 1483 1345 ipso
1509 1291 1599 1332 loco
1625 1297 1816 1344 appareat
1844 1292 1923 1332 hoc
1952 1306 2169 1346 pronomen
2194 1297 2236 1332 et
2261 1294 2315 1332 ad

215 1358 468 1413 scriptorum
494 1364 657 1399 tuorum
683 1363 725 1400 et
750 1360 803 1399 ad
828 1372 896 1399 res
929 1364 1102 1399 nostras
1133 1355 1353 1426 respicere.
1395 1358 1521 1411 Apud
1547 1358 1706 1399 Livium
1738 1363 1880 1399 contra
1911 1364 1995 1400 tam
2028 1359 2217 1414 fiequens
2250 1359 2315 1398 hic

217 1439 315 1465 usus
341 1430 424 1474 est,
463 1429 627 1478 tamque
653 1426 760 1465 omni
786 1439 931 1474 causa,
971 1439 1092 1479 quam
1119 1427 1285 1479 quidem
1303 1427 1345 1465 in
1369 1426 1467 1478 ipsis
1494 1426 1627 1465 verbis
1653 1439 1816 1465 cernere
1839 1427 2063 1479 possimus,
2087 1440 2245 1475 carens,
2270 1432 2315 1465 ut

216 1493 320 1532 hanc
345 1506 425 1532 non
452 1492 608 1531 consilii
635 1494 708 1533 sed
734 1493 1034 1533 consuetudinis
1060 1506 1146 1533 rem
1173 1507 1263 1533 esse
1289 1493 1545 1533 manifestum
1572 1494 1637 1532 sit.
1672 1493 1825 1538 Quodsi
1852 1494 2044 1547 quidem'
2032 1507 2073 1533 m
2090 1494 2180 1546 ipsa
2197 1507 2312 1547 prae-

215 1560 368 1601 fatione
393 1560 495 1601 haec
520 1560 645 1602 verba
669 1559 859 1613 legimus:
884 1559 929 1600 in
955 1574 1109 1616 magno
1136 1559 1325 1616 equidem
1345 1574 1506 1615 ponam
1533 1559 1788 1608 discrimine,
1825 1561 1902 1601 erit
1926 1560 2102 1602 fortasse
2128 1561 2196 1615 qui
2222 1575 2311 1601 ver-

215 1642 286 1668 sus
312 1628 462 1668 heroici
488 1629 639 1668 exitum
666 1628 835 1668 vitatum
863 1642 954 1668 esse
980 1628 1103 1678 dicat,
1122 1618 1369 1683 'quamquam
1395 1627 1513 1667 aliter
1539 1628 1660 1667 etiam
1686 1628 1803 1668 vitari
1829 1629 1971 1682 potuit.
1998 1627 2130 1668 Huius
2156 1629 2215 1668 rei
2240 1642 2311 1668 au-

215 1701 296 1735 tem
322 1695 419 1735 nihil
456 1700 519 1735 est
548 1696 589 1735 in
615 1696 694 1735 his:
746 1694 803 1734 In
836 1701 998 1735 ceteros
1031 1697 1229 1737 saevitum
1267 1710 1358 1735 esse
1400 1693 1619 1734 Troianos.
1647 1695 1681 1735 Ι.
1713 1698 1747 1734 1.
1780 1709 1834 1735 ea
1869 1695 2059 1735 tenebant
2089 1695 2187 1735 loca
2219 1695 2310 1735 ibid.

215 1761 394 1817 triginta
425 1761 571 1817 ferme
611 1762 830 1802 interfuere
868 1762 983 1802 anni.
1019 1762 1055 1801 3.
1095 1776 1192 1802 eam
1229 1761 1458 1801 submissas
1493 1760 1730 1816 infantibus
1774 1761 1884 1801 adeo
1916 1761 2055 1801 mitem
2079 1762 2311 1815 praebuisse

214 1842 434 1868 mammas.
459 1827 498 1868 ’4.
532 1842 587 1868 ea
612 1833 826 1869 tenuerant
849 1828 959 1869 loca.
992 1830 1029 1868 5.
1056 1842 1186 1869 novos
1218 1828 1493 1868 transsiluisse
1527 1841 1677 1868 muros.
1704 1828 1742 1867 7.
1793 1828 2003 1868 Evander
2027 1834 2113 1867 tum
2136 1842 2191 1868 ea
2211 1842 2311 1881 pro-

200 1894 339 1950 sug-us
365 1909 424 1935 ex
449 1894 733 1950 Peloponneso
760 1895 927 1949 regebat
950 1895 1059 1937 loca.
1085 1896 1180 1937 ibid.
1205 1894 1270 1935 ita
1296 1909 1386 1936 rem
1410 1894 1641 1936 coalescere
1668 1894 1897 1936 concordia
1917 1909 2054 1951 posse.
2085 1895 2142 1935 11.
2169 1900 2311 1936 trans-

212 1976 381 2004 versam
407 1962 601 2004 invadunt
625 1961 804 2004 hostium
831 1961 976 2003 aciem.
1005 1962 1064 2003 14.
1099 1968 1191 2003 tam
1223 1962 1353 2003 denso
1385 1974 1525 2018 regem
1550 1963 1709 2016 operuit
1733 1961 1884 2003 nimbo.
1914 1964 1974 2002 16.
1999 1961 2173 2018 perenni
2201 1963 2311 2016 riga-

212 2030 281 2069 bat
305 2043 434 2085 aqua.
460 2030 524 2068 21.
551 2028 735 2069 mitiores
761 2030 964 2083 placuisse
984 2042 1162 2085 poenas.
1188 2030 1250 2069 28.
1279 2042 1334 2068 ac
1366 2028 1479 2068 velut
1507 2035 1659 2083 captos
1694 2030 1965 2084 relinquerent
1988 2026 2100 2069 deos.
2126 2029 2192 2070 29.
2227 2043 2313 2069 cre·

211 2096 275 2135 bri
300 2098 484 2137 cecidere
510 2096 623 2136 coelo
647 2096 827 2151 lapides.
852 2097 917 2136 31.
945 2097 1163 2151 accepisse
1187 2096 1237 2136 id
1256 2095 1475 2150 augurium
1500 2095 1622 2136 laeta
1657 2097 1824 2137 dicitur·
1837 2096 2054 2150 Tanaquil.
2080 2096 2143 2136 34.
2173 2095 2220 2135 in
2231 2095 2313 2151 sa-

210 2162 387 2202 miliar-is
413 2162 630 2203 amicitiae
656 2165 885 2203 adduxerat
908 2163 1003 2202 iura
1031 2164 1126 2203 ibid.
1153 2161 1284 2202 annui
1309 2177 1495 2202 mansere
1520 2162 1620 2216 Iudi.
1654 2163 1718 2203 35.
1753 2161 2025 2218 aedificanda
2054 2163 2188 2203 divisa
2213 2169 2314 2219 punt

206 2230 317 2270 loca.
349 2230 443 2271 ibid.
474 2243 630 2285 suoque
662 2229 847 2285 insignes
879 2231 1103 2284 relinquere
1128 2228 1303 2270 nomine.
1330 2228 1395 2269 36.
1429 2229 1554 2270 simul
1586 2236 1629 2278 et
1661 2230 1835 2286 aliquod
1866 2231 2012 2270 addere
2044 2229 2137 2271 urbi
2170 2231 2310 2272 decus.

208 2298 272 2338 45.
299 2296 394 2337 vivo
410 2335 412 2337 .
419 2297 674 2351 perfunderis
684 2297 880 2353 flumine.
907 2298 972 2339 45.
1006 2297 1045 2338 si
1077 2296 1157 2337 sibi
1190 2310 1281 2343 eum
1315 2310 1398 2353 quo
1432 2291 1568 2352 digna
1600 2304 1711 2339 esset
1743 2297 1805 2337 dii
1837 2297 2042 2338 dedissent
2074 2297 2217 2340 virum.
2245 2298 2309 2350 46ο

206 2370 281 2403 au!
309 2363 428 2403 aliud
450 2368 637 2417 spectare
662 2364 807 2403 mulier
831 2364 978 2404 scelus.
1004 2364 1068 2404 47.
1106 2378 1198 2404 cum
1225 2363 1382 2405 colonis
1415 2365 1503 2404 suis
1534 2365 1580 2403 in
1615 2365 1846 2405 Romanum
1880 2366 2053 2405 cesserit
2079 2365 2309 2420 imperium.

206 2431 269 2470 52.
297 2431 456 2482 (versus
480 2432 758 2483 pentameter).
799 2445 920 2471 vana
946 2423 1213 2470 accresceret*
1219 2427 1354 2483 fides.
1384 2430 1447 2470 54.
1490 2432 1636 2471 anxiis
1661 2432 1836 2485 implevit
1862 2431 1989 2471 curis.
2015 2434 2078 2472 56.
2114 2432 2311 2473 decorum

207 2503 303 2537 erat
335 2503 423 2537 tum
452 2497 559 2551 ipsis
589 2512 804 2552 capessere
832 2512 1023 2553 pugnam
1059 2497 1240 2539 ducibus.
1267 2497 1323 2538 ll.
1354 2497 1392 2538 6.
1435 2497 1597 2553 ingenti
1621 2503 1793 2552 pontem
1824 2498 2023 2540 obtineret
2049 2499 2208 2554 gradu.
2250 2502 2307 2542 10.

207 2576 336 2616 quam
360 2578 485 2620 quum
516 2564 629 2605 velut
661 2565 850 2605 alienato
877 2565 933 2605 ab
959 2578 1085 2605 sensu
1110 2569 1283 2605 torreret
1308 2565 1461 2605 animo.
1493 2567 1547 2605 12.
1574 2579 1603 2604 a
1619 2564 1780 2605 mitiore
1806 2567 1984 2606 crevisse
2005 2566 2231 2624 principio.
2250 2572 2307 2609 14.

205 2628 403 2672 intestino
427 2632 472 2671 in
493 2639 646 2685 patres
675 2632 920 2688 plebemque
945 2633 1145 2686 flagrabat
1167 2631 1276 2673 odio,
1305 2633 1369 2672 23.
1406 2632 1649 2672 tumultuoso
1676 2633 1868 2673 advolant
1892 2632 2039 2674 nuntio
2065 2635 2130 2675 24.
2169 2650 2306 2682 orare,

206 2701 253 2735 ut
277 2698 413 2739 tantis
439 2698 766 2741 circumventam
794 2700 1021 2742 terroribus
1048 2700 1255 2753 expediret
1280 2714 1368 2740 rem
1388 2699 1611 2754 publicam.
1638 2699 1730 2741 ibid.
1769 2714 1821 2742 ne
1850 2700 1897 2740 in
1916 2699 2028 2756 soro
2054 2701 2203 2744 subitis
2228 2709 2306 2744 tre-

205 2762 362 2813 pidaret
386 2765 582 2806 consiliis.
609 2766 672 2806 28.
700 2766 985 2807 munitissimis
1011 2771 1227 2807 tenuerunt
1250 2766 1365 2808 locis.
1381 2767 1443 2807 31.
1469 2765 1706 2820 longinquis
1732 2772 1955 2819 coegerant
1979 2769 2159 2822 indigem
2184 2769 2304 2809 auxi·

203 2827 281 2867 b'is.
309 2832 371 2872 34.
398 2834 532 2874 medio
560 2840 701 2887 egerat
725 2835 851 2876 circo.
877 2836 940 2876 36.
966 2834 1037 2875 ubi
1063 2833 1277 2876 abductas
1303 2837 1512 2875 senserant
1535 2832 1732 2887 legiones.
1761 2833 1832 2875 ⁴8:
1860 2850 1939 2877 nec
1971 2835 2046 2890 agi
2077 2835 2306 2892 quidquam

198 2908 279 2949 per
303 2895 633 2952 infrequentiam
657 2908 818 2956 poterat
841 2908 1029 2945 senatus.
1057 2903 1119 2943 23.
1148 2916 1288 2944 omnes
1299 2900 1524 2956 finitumos
1550 2900 1683 2954 subigi
1709 2901 1889 2957 populos
1910 2915 2047 2956 posse.
2075 2904 2136 2945 49.
2163 2918 2305 2959 quam»
